@InProceedings{	  blaauw:93,
  author	= "A. {Blaauw}",
  title		= "{Massive Runaway Stars}",
  booktitle	= "Massive Stars: Their Lives in the Interstellar Medium",
  year		= "1993",
  series	= "Astronomical Society of the Pacific Conference Series",
  volume	= "35",
  editor	= "J.~P. {Cassinelli} and E.~B. {Churchwell}",
  month		= jan,
  pages		= "207",
  adsurl	= "http://adsabs.harvard.edu/abs/1993ASPC...35..207B",
  adsnote	= "Provided by the SAO/NASA Astrophysics Data System"
}



@ARTICLE{bodensteiner:18,
       author = {{Bodensteiner}, J. and {Baade}, D. and {Greiner}, J. and {Langer}, N.},
        title = "{Infrared nebulae around bright massive stars as indicators for binary interactions}",
      journal = {\aap},
     keywords = {stars: early-type, stars: emission-line, Be, stars: rotation, binaries: general, circumstellar matter, dust, extinction, Astrophysics - Solar and Stellar Astrophysics},
         year = 2018,
        month = oct,
       volume = {618},
          eid = {A110},
        pages = {A110},
          doi = {10.1051/0004-6361/201832722},
archivePrefix = {arXiv},
       eprint = {1806.01294},
 primaryClass = {astro-ph.SR},
       adsurl = {https://ui.adsabs.harvard.edu/abs/2018A&A...618A.110B},
      adsnote = {Provided by the SAO/NASA Astrophysics Data System}
}


@Article{	  vanrensbergen:96,
  author	= "W. {van Rensbergen} and D. {Vanbeveren} and C. {De Loore}",
  title		= "{OB-runaways as a result of massive star evolution.}",
  journal	= "\aap",
  keywords	= "STARS: KINEMATICS, EARLY TYPE, EVOLUTION, SUPERNOVAE, BLUE
		  STRAGGLERS, MASS-LOSS, OPEN CLUSTERS AND ASSOCIATIONS,
		  BINARIES: CLOSE",
  year		= "1996",
  month		= jan,
  volume	= "305",
  pages		= "825",
  adsurl	= "http://adsabs.harvard.edu/abs/1996A%26A...305..825V",
  adsnote	= "Provided by the SAO/NASA Astrophysics Data System"
}

@Article{	  renzo:19walk,
  author	= "M. {Renzo} and E. {Zapartas} and S.~E. {de Mink} and Y.
		  {G{\"o}tberg} and S. {Justham} and R.~J. {Farmer} and R.~G.
		  {Izzard} and S. {Toonen} and H. {Sana}",
  title		= "{Massive runaway and walkaway stars. A study of the
		  kinematical imprints of the physical processes governing
		  the evolution and explosion of their binary progenitors}",
  journal	= "\aap",
  archiveprefix	= "arXiv",
  eprint	= "1804.09164",
  primaryclass	= "astro-ph.SR",
  keywords	= "astrometry, binaries: close, stars: evolution, stars:
		  kinematics and dynamics, stars: massive, supernovae:
		  general",
  year		= "2019",
  month		= apr,
  volume	= "624",
  eid		= "A66",
  pages		= "A66",
  doi		= "10.1051/0004-6361/201833297",
  adsurl	= "http://adsabs.harvard.edu/abs/2019A%26A...624A..66R",
  adsnote	= "Provided by the SAO/NASA Astrophysics Data System"
}

@ARTICLE{sota:14,
       author = {{Sota}, A. and {Ma{\'\i}z Apell{\'a}niz}, J. and {Morrell}, N.~I. and {Barb{\'a}}, R.~H. and {Walborn}, N.~R. and {Gamen}, R.~C. and {Arias}, J.~I. and {Alfaro}, E.~J.},
        title = "{The Galactic O-Star Spectroscopic Survey (GOSSS). II. Bright Southern Stars}",
      journal = {\apjs},
     keywords = {binaries: general, binaries: spectroscopic, stars: early-type, stars: emission-line, Be, surveys, Astrophysics - Galaxy Astrophysics, Astrophysics - Solar and Stellar Astrophysics},
         year = 2014,
        month = mar,
       volume = {211},
       number = {1},
          eid = {10},
        pages = {10},
          doi = {10.1088/0067-0049/211/1/10},
archivePrefix = {arXiv},
       eprint = {1312.6222},
 primaryClass = {astro-ph.GA},
       adsurl = {https://ui.adsabs.harvard.edu/abs/2014ApJS..211...10S},
      adsnote = {Provided by the SAO/NASA Astrophysics Data System}
}

@ARTICLE{tetzlaff:10,
       author = {{Tetzlaff}, N. and {Neuh{\"a}user}, R. and {Hohle}, M.~M. and {Maciejewski}, G.},
        title = "{Identifying birth places of young isolated neutron stars}",
      journal = {\mnras},
     keywords = {stars: kinematics, pulsars: individual: PSR B1929+10, pulsars: individual: RX J1856.5-3754, pulsars: individual: RX J0720.4-3125, pulsars: individual: RX J1605.3+3249, pulsars: individual: RBS 1223, Astrophysics - Astrophysics of Galaxies},
         year = 2010,
        month = mar,
       volume = {402},
       number = {4},
        pages = {2369-2387},
          doi = {10.1111/j.1365-2966.2009.16093.x},
archivePrefix = {arXiv},
       eprint = {0911.4441},
 primaryClass = {astro-ph.GA},
       adsurl = {https://ui.adsabs.harvard.edu/abs/2010MNRAS.402.2369T},
      adsnote = {Provided by the SAO/NASA Astrophysics Data System}
}

@ARTICLE{blaauw:52,
       author = {{Blaauw}, A.},
        title = "{The evolution of expanding stellar associations; the age and origin of the Scorpio-Centaurus group}",
      journal = {\bain},
         year = 1952,
        month = jun,
       volume = {11},
        pages = {414},
       adsurl = {https://ui.adsabs.harvard.edu/abs/1952BAN....11..414B},
      adsnote = {Provided by the SAO/NASA Astrophysics Data System}
}

@ARTICLE{neuhauser:20,
       author = {{Neuh{\"a}user}, R. and {Gie{\ss}ler}, F. and {Hambaryan}, V.~V.},
        title = "{A nearby recent supernova that ejected the runaway star {\ensuremath{\zeta}} Oph, the pulsar PSR B1706-16, and $^{60}$Fe found on Earth}",
      journal = {\mnras},
     keywords = {astrometry, stars: individual: {\ensuremath{\zeta}} Oph, PSR B1706-16, PSR B1929+10, 1H11255-567, stars: neutron, supernovae: general, X-rays: binaries, Astrophysics - High Energy Astrophysical Phenomena},
         year = 2020,
        month = oct,
       volume = {498},
       number = {1},
        pages = {899-917},
          doi = {10.1093/mnras/stz2629},
archivePrefix = {arXiv},
       eprint = {1909.06850},
 primaryClass = {astro-ph.HE},
       adsurl = {https://ui.adsabs.harvard.edu/abs/2020MNRAS.498..899N},
      adsnote = {Provided by the SAO/NASA Astrophysics Data System}
}

@Article{	  hoogerwerf:01,
  author	= "R. {Hoogerwerf} and J.~H.~J. {de Bruijne} and P.~T. {de
		  Zeeuw}",
  title		= "{On the origin of the O and B-type stars with high
		  velocities. II. Runaway stars and pulsars ejected from the
		  nearby young stellar groups}",
  journal	= "\aap",
  eprint	= "astro-ph/0010057",
  keywords	= "ASTROMETRY, STARS: EARLY-TYPE, STARS: KINEMATICS, PULSARS:
		  GENERAL, SUPERNOVA: GENERAL",
  year		= "2001",
  month		= jan,
  volume	= "365",
  pages		= "49--77",
  doi		= "10.1051/0004-6361:20000014",
  adsurl	= "http://adsabs.harvard.edu/abs/2001A%26A...365...49H",
  adsnote	= "Provided by the SAO/NASA Astrophysics Data System"
}

@ARTICLE{zehe:18,
       author = {{Zehe}, T. and {Mugrauer}, M. and {Neuh{\"a}user}, R. and {Pannicke}, A. and {Lux}, O. and {Bischoff}, R. and {W{\"o}ckel}, D. and {Wagner}, D.},
        title = "{The radial and rotational velocity of {\ensuremath{\zeta}} Ophiuchi}",
      journal = {Astronomische Nachrichten},
     keywords = {stars: individual: {\ensuremath{\zeta}} Oph, techniques: radial velocities, Astrophysics - Solar and Stellar Astrophysics},
         year = 2018,
        month = jan,
       volume = {339},
       number = {1},
        pages = {46-52},
          doi = {10.1002/asna.201713383},
archivePrefix = {arXiv},
       eprint = {1801.06409},
 primaryClass = {astro-ph.SR},
       adsurl = {https://ui.adsabs.harvard.edu/abs/2018AN....339...46Z},
      adsnote = {Provided by the SAO/NASA Astrophysics Data System}
}


@Article{	  blaauw:61,
  author	= "A. {Blaauw}",
  title		= "{On the origin of the O- and B-type stars with high
		  velocities (the ''run-away'' stars), and some related
		  problems}",
  journal	= "\bain",
  year		= "1961",
  month		= may,
  volume	= "15",
  pages		= "265",
  adsurl	= "http://adsabs.harvard.edu/abs/1961BAN....15..265B",
  adsnote	= "Provided by the SAO/NASA Astrophysics Data System"
}

@ARTICLE{villamariz:05,
       author = {{Villamariz}, M.~R. and {Herrero}, A.},
        title = "{Chemical composition of Galactic OB stars. II. The fast rotator <ASTROBJ>{\ensuremath{\zeta}} Ophiuchi</ASTROBJ>}",
      journal = {\aap},
     keywords = {stars: individual: <ASTROBJ>HD 149757</ASTROBJ>, stars: abundances, stars: evolution, stars: rotation, stars: fundamental parameters, stars: early-type, Astrophysics},
         year = 2005,
        month = oct,
       volume = {442},
       number = {1},
        pages = {263-270},
          doi = {10.1051/0004-6361:20052848},
archivePrefix = {arXiv},
       eprint = {astro-ph/0507400},
 primaryClass = {astro-ph},
       adsurl = {https://ui.adsabs.harvard.edu/abs/2005A&A...442..263V},
      adsnote = {Provided by the SAO/NASA Astrophysics Data System}
}


@ARTICLE{marcolino:09,
       author = {{Marcolino}, W.~L.~F. and {Bouret}, J. -C. and {Martins}, F. and {Hillier}, D.~J. and {Lanz}, T. and {Escolano}, C.},
        title = "{Analysis of Galactic late-type O dwarfs: more constraints on the weak wind problem}",
      journal = {\aap},
     keywords = {stars: atmospheres, stars: mass-loss, stars: fundamental parameters, stars: early-type, Astrophysics - Solar and Stellar Astrophysics, Astrophysics - Astrophysics of Galaxies},
         year = 2009,
        month = may,
       volume = {498},
       number = {3},
        pages = {837-852},
          doi = {10.1051/0004-6361/200811289},
archivePrefix = {arXiv},
       eprint = {0902.1833},
 primaryClass = {astro-ph.SR},
       adsurl = {https://ui.adsabs.harvard.edu/abs/2009A&A...498..837M},
      adsnote = {Provided by the SAO/NASA Astrophysics Data System}
}

@Article{	  cantiello:07,
  author	= "M. {Cantiello} and {S.-C.} {Yoon} and N. {Langer} and M.
		  {Livio}",
  title		= "{Binary star progenitors of long gamma-ray bursts}",
  journal	= "\aap",
  keywords	= "stars: binaries: general, stars: rotation, stars:
		  evolution, stars: mass-loss, supernovae: general, gamma
		  rays: bursts",
  year		= "2007",
  month		= apr,
  volume	= "465",
  pages		= "L29",
  adsurl	= "http://adsabs.harvard.edu/abs/2007A%26A...465L..29C"
}


@Article{	  ekstrom:12,
  author	= "S. {Ekstr{\"o}m} and C. {Georgy} and P. {Eggenberger} and
		  G. {Meynet} and N. {Mowlavi} and A. {Wyttenbach} and A.
		  {Granada} and T. {Decressin} and R. {Hirschi} and U.
		  {Frischknecht} and C. {Charbonnel} and A. {Maeder}",
  title		= "{Grids of stellar models with rotation. I. Models from 0.8
		  to 120 M$_{&sun;}$ at solar metallicity (Z = 0.014)}",
  journal	= "\aap",
  archiveprefix	= "arXiv",
  eprint	= "1110.5049",
  primaryclass	= "astro-ph.SR",
  keywords	= "stars: general, stars: evolution, stars: massive, stars:
		  low-mass, stars: rotation",
  year		= "2012",
  month		= jan,
  volume	= "537",
  eid		= "A146",
  pages		= "A146",
  doi		= "10.1051/0004-6361/201117751",
  adsurl	= "http://adsabs.harvard.edu/abs/2012A%26A...537A.146E",
  adsnote	= "Provided by the SAO/NASA Astrophysics Data System"
}


@Article{	  meynet:00,
  author	= "G. {Meynet} and A. {Maeder}",
  title		= "{Stellar evolution with rotation. V. Changes in all the
		  outputs of massive star models}",
  journal	= "\aap",
  eprint	= "arXiv:astro-ph/0006404",
  keywords	= "STARS: ROTATION, STARS: EVOLUTION, STARS: ABUNDANCES,
		  STARS: EARLY-TYPE",
  year		= "2000",
  month		= sep,
  volume	= "361",
  pages		= "101",
  adsurl	= "http://adsabs.harvard.edu/abs/2000A%26A...361..101M",
  adsnote	= "Provided by the SAO/NASA Astrophysics Data System"
}


@Article{	  yoon:06,
  author	= "S.-C. {Yoon} and N. {Langer} and C. {Norman}",
  title		= "{Single star progenitors of long gamma-ray bursts. I.
		  Model grids and redshift dependent GRB rate}",
  journal	= "\aap",
  eprint	= "astro-ph/0606637",
  keywords	= "stars: evolution, stars: rotation, supernovae: general,
		  gamma rays: bursts",
  year		= "2006",
  month		= dec,
  volume	= "460",
  pages		= "199--208",
  doi		= "10.1051/0004-6361:20065912",
  adsurl	= "http://adsabs.harvard.edu/abs/2006A%26A...460..199Y",
  adsnote	= "Provided by the SAO/NASA Astrophysics Data System"
}

@Article{	  hoogerwerf:00,
  author	= "R. {Hoogerwerf} and J.~H.~J. {de Bruijne} and P.~T. {de
		  Zeeuw}",
  title		= "{The Origin of Runaway Stars}",
  journal	= "\apjl",
  eprint	= "astro-ph/0007436",
  keywords	= "Astrometry, pulsars: individual (PSR J1932+1059), Stars:
		  Early-Type, stars: individual (AE Aurigae, {$\iota$}
		  Orionis), Stars: Individual: Constellation Name: {$\mu$}
		  Columbae, Stars: Individual: Constellation Name: {$\zeta$}
		  Ophiuchi",
  year		= "2000",
  month		= dec,
  volume	= "544",
  pages		= "L133--L136",
  doi		= "10.1086/317315",
  adsurl	= "http://adsabs.harvard.edu/abs/2000ApJ...544L.133H",
  adsnote	= "Provided by the SAO/NASA Astrophysics Data System"
}

@ARTICLE{murphy:21,
       author = {{Murphy}, Simon J. and {Joyce}, Meridith and {Bedding}, Timothy R. and {White}, Timothy R. and {Kama}, Mihkel},
        title = "{A precise asteroseismic age and metallicity for HD 139614: a pre-main-sequence star with a protoplanetary disc in Upper Centaurus-Lupus}",
      journal = {\mnras},
     keywords = {asteroseismology, protoplanetary discs, stars: chemically peculiar, stars: fundamental parameters, stars: pre-main-sequence, variables:  Scuti, Astrophysics - Solar and Stellar Astrophysics, Astrophysics - Earth and Planetary Astrophysics},
         year = 2021,
        month = apr,
       volume = {502},
       number = {2},
        pages = {1633-1646},
          doi = {10.1093/mnras/stab144},
archivePrefix = {arXiv},
       eprint = {2011.11821},
 primaryClass = {astro-ph.SR},
       adsurl = {https://ui.adsabs.harvard.edu/abs/2021MNRAS.502.1633M},
      adsnote = {Provided by the SAO/NASA Astrophysics Data System}
}


@ARTICLE{perna:14,
       author = {{Perna}, Rosalba and {Duffell}, Paul and {Cantiello}, Matteo and {MacFadyen}, Andrew I.},
        title = "{The Fate of Fallback Matter around Newly Born Compact Objects}",
      journal = {\apj},
     keywords = {accretion, accretion disks, stars: evolution, stars: neutron, supernovae: general, Astrophysics - High Energy Astrophysical Phenomena},
         year = 2014,
        month = feb,
       volume = {781},
       number = {2},
          eid = {119},
        pages = {119},
          doi = {10.1088/0004-637X/781/2/119},
archivePrefix = {arXiv},
       eprint = {1312.4981},
 primaryClass = {astro-ph.HE},
       adsurl = {https://ui.adsabs.harvard.edu/abs/2014ApJ...781..119P},
      adsnote = {Provided by the SAO/NASA Astrophysics Data System}
}

@Article{	  packet:81,
  author	= "W. {Packet}",
  title		= "{On the spin-up of the mass accreting component in a close
		  binary system}",
  journal	= "\aap",
  keywords	= "Binary Stars, Momentum Transfer, Stellar Evolution,
		  Stellar Mass Accretion, Angular Momentum, Angular Velocity,
		  Critical Velocity, Stellar Rotation",
  year		= "1981",
  month		= sep,
  volume	= "102",
  pages		= "17--19",
  adsurl	= "http://adsabs.harvard.edu/abs/1981A%26A...102...17P",
  adsnote	= "Provided by the SAO/NASA Astrophysics Data System"
}

@Article{	  maeder:00,
  author	= "A. {Maeder} and G. {Meynet}",
  title		= "{The Evolution of Rotating Stars}",
  journal	= "\araa",
  eprint	= "arXiv:astro-ph/0004204",
  keywords	= "STELLAR ROTATION, STELLAR EVOLUTION, MASS LOSS, MIXING,
		  CHEMICAL ABUNDANCES",
  year		= "2000",
  volume	= "38",
  pages		= "143",
  doi		= "10.1146/annurev.astro.38.1.143",
  adsurl	= "http://adsabs.harvard.edu/abs/2000ARA%26A..38..143M",
  adsnote	= "Provided by the SAO/NASA Astrophysics Data System"
}

@ARTICLE{walker:79,
       author = {{Walker}, G.~A.~H. and {Yang}, S. and {Fahlman}, G.~G.},
        title = "{Spectral variations in zeta Ophiuchi related to rotation?}",
      journal = {\apj},
     keywords = {Angular Velocity, O Stars, Stellar Rotation, Stellar Spectra, Absorption Spectra, Brightness, Early Stars, Fourier Analysis, Line Spectra, Astrophysics, Early-Type Stars:Rotation, Early-Type Stars:Spectra, Gravity Darkening:O Stars, Line Profiles:O Stars},
         year = 1979,
        month = oct,
       volume = {233},
        pages = {199-204},
          doi = {10.1086/157381},
       adsurl = {https://ui.adsabs.harvard.edu/abs/1979ApJ...233..199W},
      adsnote = {Provided by the SAO/NASA Astrophysics Data System}
}

@Article{	  paxton:11,
  author	= "B. {Paxton} and L. {Bildsten} and A. {Dotter} and F.
		  {Herwig} and P. {Lesaffre} and F. {Timmes}",
  title		= "{Modules for Experiments in Stellar Astrophysics (MESA)}",
  journal	= "\apjs",
  archiveprefix	= "arXiv",
  eprint	= "1009.1622",
  primaryclass	= "astro-ph.SR",
  keywords	= "methods: numerical, stars: evolution, stars: general",
  year		= "2011",
  month		= jan,
  volume	= "192",
  eid		= "3",
  pages		= "3",
  doi		= "10.1088/0067-0049/192/1/3",
  adsurl	= "http://adsabs.harvard.edu/abs/2011ApJS..192....3P",
  adsnote	= "Provided by the SAO/NASA Astrophysics Data System"
}


@Article{	  paxton:13,
  author	= "B. {Paxton} and M. {Cantiello} and P. {Arras} and L.
		  {Bildsten} and E.~F. {Brown} and A. {Dotter} and C.
		  {Mankovich} and M.~H. {Montgomery} and D. {Stello} and
		  F.~X. {Timmes} and R. {Townsend}",
  title		= "{Modules for Experiments in Stellar Astrophysics (MESA):
		  Planets, Oscillations, Rotation, and Massive Stars}",
  journal	= "\apjs",
  archiveprefix	= "arXiv",
  eprint	= "1301.0319",
  primaryclass	= "astro-ph.SR",
  keywords	= "asteroseismology, methods: numerical, planets and
		  satellites: physical evolution, stars: evolution, stars:
		  massive, stars: rotation",
  year		= "2013",
  month		= sep,
  volume	= "208",
  eid		= "4",
  pages		= "4",
  doi		= "10.1088/0067-0049/208/1/4",
  adsurl	= "http://adsabs.harvard.edu/abs/2013ApJS..208....4P",
  adsnote	= "Provided by the SAO/NASA Astrophysics Data System"
}

@Article{	  paxton:15,
  author	= "B. {Paxton} and P. {Marchant} and J. {Schwab} and E.~B.
		  {Bauer} and L. {Bildsten} and M. {Cantiello} and L.
		  {Dessart} and R. {Farmer} and H. {Hu} and N. {Langer} and
		  R.~H.~D. {Townsend} and D.~M. {Townsley} and F.~X.
		  {Timmes}",
  title		= "{Modules for Experiments in Stellar Astrophysics (MESA):
		  Binaries, Pulsations, and Explosions}",
  journal	= "\apjs",
  archiveprefix	= "arXiv",
  eprint	= "1506.03146",
  primaryclass	= "astro-ph.SR",
  keywords	= "binaries: general, methods: numerical, nuclear reactions,
		  nucleosynthesis, abundances, shock waves, stars: evolution,
		  stars: oscillations",
  year		= "2015",
  month		= sep,
  volume	= "220",
  eid		= "15",
  pages		= "15",
  doi		= "10.1088/0067-0049/220/1/15",
  adsurl	= "http://adsabs.harvard.edu/abs/2015ApJS..220...15P",
  adsnote	= "Provided by the SAO/NASA Astrophysics Data System"
}

@Article{	  paxton:18,
  author	= "B. {Paxton} and J. {Schwab} and E.~B. {Bauer} and L.
		  {Bildsten} and S. {Blinnikov} and P. {Duffell} and R.
		  {Farmer} and J.~A. {Goldberg} and P. {Marchant} and E.
		  {Sorokina} and A. {Thoul} and R.~H.~D. {Townsend} and F.~X.
		  {Timmes}",
  title		= "{Modules for Experiments in Stellar Astrophysics (MESA):
		  Convective Boundaries, Element Diffusion, and Massive Star
		  Explosions}",
  journal	= "\apjs",
  archiveprefix	= "arXiv",
  eprint	= "1710.08424",
  primaryclass	= "astro-ph.SR",
  keywords	= "convection, diffusion, hydrodynamics, methods: numerical,
		  stars: evolution, supernovae: general",
  year		= "2018",
  month		= feb,
  volume	= "234",
  eid		= "34",
  pages		= "34",
  doi		= "10.3847/1538-4365/aaa5a8",
  adsurl	= "http://adsabs.harvard.edu/abs/2018ApJS..234...34P",
  adsnote	= "Provided by the SAO/NASA Astrophysics Data System"
}

@Article{	  paxton:19,
  author	= "B. {Paxton} and R. {Smolec} and A. {Gautschy} and L.
		  {Bildsten} and M. {Cantiello} and A. {Dotter} and R.
		  {Farmer} and J.~A. {Goldberg} and A.~S. {Jermyn} and S.~M.
		  {Kanbur} and P. {Marchant} and J. {Schwab} and A. {Thoul}
		  and R.~H.~D. {Townsend} and W.~M. {Wolf} and M. {Zhang} and
		  F.~X. {Timmes}",
  title		= "{Modules for Experiments in Stellar Astrophysics (MESA):
		  Pulsating Variable Stars, Rotation, Convective Boundaries,
		  and Energy Conservation}",
  journal	= "",
  archiveprefix	= "arXiv",
  eprint	= "1903.01426",
  primaryclass	= "astro-ph.SR",
  keywords	= "Astrophysics - Solar and Stellar Astrophysics",
  year		= "2019",
  month		= mar,
  adsurl	= "http://adsabs.harvard.edu/abs/2019arXiv190301426P",
  adsnote	= "Provided by the SAO/NASA Astrophysics Data System"
}

@Misc{		  mesasdk,
  author	= "Richard Townsend",
  title		= "{MESA} {SDK} for Linux: 20180822",
  month		= aug,
  year		= "2018",
  doi		= "10.5281/zenodo.2603170",
  url		= "https://doi.org/10.5281/zenodo.2603170"
}

@Article{	  ipython,
  author	= {P{\'e}rez, Fernando and Granger, Brian E},
  date-added	= {2018-05-27 21:09:47 +0000},
  date-modified	= {2018-05-27 21:10:12 +0000},
  journal	= {Computing in Science \& Engineering},
  number	= {3},
  pages		= {21--29},
  publisher	= {AIP Publishing},
  title		= {{IPython}: a system for interactive scientific computing},
  volume	= {9},
  year		= {2007}
}

@Article{	  matplotlib,
  author	= {Hunter, J. D.},
  date-added	= {2018-05-27 21:09:19 +0000},
  date-modified	= {2018-05-27 21:09:19 +0000},
  journal	= {Computing In Science \&amp; Engineering},
  number	= {3},
  pages		= {90--95},
  publisher	= {IEEE COMPUTER SOC},
  title		= {Matplotlib: A 2D graphics environment},
  volume	= {9},
  year		= {2007}
  }


@Misc{		  mesaplot,
  author	= "Robert Farmer",
  title		= "rjfarmer/mesaplot",
  month		= oct,
  year		= "2018",
  doi		= "10.5281/zenodo.1441329",
  url		= "https://doi.org/10.5281/zenodo.1441329"
}

@Article{	  numpy,
  author	= {S. van der Walt and S. C. Colbert and G. Varoquaux},
  bdsk-url-1	= {http://dx.doi.org/10.1109/MCSE.2011.37},
  date-added	= {2018-05-27 21:09:36 +0000},
  date-modified	= {2018-05-27 21:09:36 +0000},
  doi		= {10.1109/MCSE.2011.37},
  issn		= {1521-9615},
  journal	= {Computing in Science Engineering},
  keywords	= {data structures;high level languages;mathematics
		  computing;numerical analysis;Python programming
		  language;high level language;numerical
		  computation;numerical data;numpy array;Arrays;Computational
		  efficiency;Finite element methods;Numerical
		  analysis;Performance evaluation;Resource management;Vector
		  quantization;NumPy;Python;numerical
		  computations;programming libraries;scientific programming},
  month		= {March},
  number	= {2},
  pages		= {22-30},
  title		= {The NumPy Array: A Structure for Efficient Numerical
		  Computation},
  volume	= {13},
  year		= {2011}
}


@ARTICLE{Itoh1996,
  author = {{Itoh}, N. and {Hayashi}, H. and {Nishikawa}, A. and {Kohyama}, Y. },
  title = {{Neutrino Energy Loss in Stellar Interiors. VII. Pair, Photo-, Plasma, Bremsstrahlung, and Recombination Neutrino Processes}},
  journal = {\apjs},
  keywords = {DENSE MATTER, ELEMENTARY PARTICLES, RADIATION MECHANISMS: NONTHERMAL, STARS: INTERIORS, METHODS: NUMERICAL},
  year = {1996},
  month = {feb},
  volume = {102},
  pages = {411},
  doi = {10.1086/192264},
  adsurl = {https://ui.adsabs.harvard.edu/abs/1996ApJS..102..411I},
  adsnote = {Provided by the SAO/NASA Astrophysics Data System},
}

@ARTICLE{Angulo1999,
   author = {{Angulo}, C. and {Arnould}, M. and {Rayet}, M. and {Descouvemont}, P. and
	{Baye}, D. and {Leclercq-Willain}, C. and {Coc}, A. and {Barhoumi}, S. and
	{Aguer}, P. and {Rolfs}, C. and {Kunz}, R. and {Hammer}, J.~W. and
	{Mayer}, A. and {Paradellis}, T. and {Kossionides}, S. and {Chronidou}, C. and
	{Spyrou}, K. and {degl'Innocenti}, S. and {Fiorentini}, G. and
	{Ricci}, B. and {Zavatarelli}, S. and {Providencia}, C. and
	{Wolters}, H. and {Soares}, J. and {Grama}, C. and {Rahighi}, J. and
	{Shotter}, A. and {Lamehi Rachti}, M.},
    title = "{A compilation of charged-particle induced thermonuclear reaction rates}",
  journal = {Nuclear Physics A},
     year = 1999,
    month = aug,
   volume = 656,
    pages = {3-183},
      doi = {10.1016/S0375-9474(99)00030-5},
   adsurl = {https://ui.adsabs.harvard.edu/abs/1999NuPhA.656....3A},
  adsnote = {Provided by the SAO/NASA Astrophysics Data System}
}

@ARTICLE{Cyburt2010,
  author = {{Cyburt}, R.~H. and {Amthor}, A.~M. and {Ferguson}, R. and {Meisel}, Z. and {Smith}, K. and {Warren}, S. and {Heger}, A. and {Hoffman}, R.~D. and {Rauscher}, T. and {Sakharuk}, A. and {Schatz}, H. and {Thielemann}, F.~K. and {Wiescher}, M.},
  title = {{The JINA REACLIB Database: Its Recent Updates and Impact on Type-I X-ray Bursts}},
  journal = {\apjs},
  keywords = {nuclear reactions, nucleosynthesis, abundances, X-rays: bursts},
  year = {2010},
  month = {jul},
  volume = {189},
  pages = {240-252},
  doi = {10.1088/0067-0049/189/1/240},
  adsurl = {https://ui.adsabs.harvard.edu/abs/2010ApJS..189..240C},
  adsnote = {Provided by the SAO/NASA Astrophysics Data System},
}

@article{Chugunov2007,
  author = {{Chugunov}, A.~I. and {Dewitt}, H.~E. and {Yakovlev}, D.~G.},
  title = {{Coulomb tunneling for fusion reactions in dense matter: Path integral MonteCarlo versus mean field}},
  journal = {\prd},
  archivePrefix = {arXiv},
  eprint = {0707.3500},
  keywords = {Nucleosynthesis in novae supernovae and other explosive environments},
  year = {2007},
  month = {jul},
  volume = {76},
  number = {2},
  eid = {025028},
  pages = {025028},
  doi = {10.1103/PhysRevD.76.025028},
  adsurl = {https://ui.adsabs.harvard.edu/abs/2007PhRvD..76b5028C},
  adsnote = {Provided by the SAO/NASA Astrophysics Data System},
}

@article{Fuller1985,
  author = {{Fuller}, G.~M. and {Fowler}, W.~A. and {Newman}, M.~J.},
  title = {{Stellar weak interaction rates for intermediate-mass nuclei. IV - Interpolation procedures for rapidly varying lepton capture rates using effective log (ft)-values}},
  journal = {\apj},
  keywords = {LEPTONS, NEUTRINOS, NUCLEAR CAPTURE, STELLAR CORES, WEAK INTERACTIONS (FIELD THEORY), COMPUTATIONAL ASTROPHYSICS, COMPUTERIZED SIMULATION, ELECTRON CAPTURE},
  year = {1985},
  month = {jun},
  volume = {293},
  pages = {1-16},
  doi = {10.1086/163208},
  adsurl = {https://ui.adsabs.harvard.edu/abs/1985ApJ...293....1F},
  adsnote = {Provided by the SAO/NASA Astrophysics Data System},
}

@article{Oda1994,
  author = {{Oda}, T. and {Hino}, M. and {Muto}, K. and {Takahara}, M. and {Sato}, K.},
  title = {{Rate Tables for the Weak Processes of sd-Shell Nuclei in Stellar Matter}},
  journal = {Atomic Data and Nuclear Data Tables},
  year = {1994},
  month = {mar},
  volume = {56},
  pages = {231-403},
  doi = {10.1006/adnd.1994.1007},
  adsurl = {https://ui.adsabs.harvard.edu/abs/1994ADNDT..56..231O},
  adsnote = {Provided by the SAO/NASA Astrophysics Data System},
}

@article{Langanke2000,
  author = {{Langanke}, K. and {Mart{\'{\i}}nez-Pinedo}, G.},
  title = {{Shell-model calculations of stellar weak interaction rates: II. Weak rates for nuclei in the mass range /A=45-65 in supernovae environments}},
  journal = {Nuclear Physics A},
  eprint = {nucl-th/0001018},
  year = {2000},
  month = {jun},
  volume = {673},
  pages = {481-508},
  doi = {10.1016/S0375-9474(00)00131-7},
  adsurl = {https://ui.adsabs.harvard.edu/abs/2000NuPhA.673..481L},
  adsnote = {Provided by the SAO/NASA Astrophysics Data System},
}


@ARTICLE{Iglesias1993,
  author = {{Iglesias}, C.~A. and {Rogers}, F.~J.},
  title = {{Radiative opacities for carbon- and oxygen-rich mixtures}},
  journal = {\apj},
  keywords = {Carbon Isotopes, Hydrogen Isotopes, Main Sequence Stars, Oxygen Isotopes, Stellar Envelopes, Stellar Evolution, Asymptotic Giant Branch Stars, Radiative Transfer, Stellar Structure},
  year = {1993},
  month = {aug},
  volume = {412},
  pages = {752-760},
  doi = {10.1086/172958},
  adsurl = {https://ui.adsabs.harvard.edu/abs/1993ApJ...412..752I},
  adsnote = {Provided by the SAO/NASA Astrophysics Data System},
}

@ARTICLE{Iglesias1996,
  author = {{Iglesias}, C.~A. and {Rogers}, F.~J.},
  title = {{Updated Opal Opacities}},
  journal = {\apj},
  keywords = {ATOMIC DATA, ATOMIC PROCESSES, STARS: INTERIORS},
  year = {1996},
  month = {jun},
  volume = {464},
  pages = {943},
  doi = {10.1086/177381},
  adsurl = {https://ui.adsabs.harvard.edu/abs/1996ApJ...464..943I},
  adsnote = {Provided by the SAO/NASA Astrophysics Data System},
}

@ARTICLE{Buchler1976,
   author = {{Buchler}, J.~R. and {Yueh}, W.~R.},
    title = "{Compton scattering opacities in a partially degenerate electron plasma at high temperatures}",
  journal = {\apj},
 keywords = {Compton Effect, Degenerate Matter, Electron Plasma, High Temperature Plasmas, Mean Free Path, Opacity, Plasmons, Light Scattering, Photons, Thomson Scattering},
     year = 1976,
    month = dec,
   volume = 210,
    pages = {440-446},
      doi = {10.1086/154847},
   adsurl = {https://ui.adsabs.harvard.edu/abs/1976ApJ...210..440B},
  adsnote = {Provided by the SAO/NASA Astrophysics Data System}
}

@ARTICLE{Cassisi2007,
   author = {{Cassisi}, S. and {Potekhin}, A.~Y. and {Pietrinferni}, A. and
	{Catelan}, M. and {Salaris}, M.},
    title = "{Updated Electron-Conduction Opacities: The Impact on Low-Mass Stellar Models}",
  journal = {\apj},
   eprint = {astro-ph/0703011},
 keywords = {Conduction, Stars: Evolution, Stars: Horizontal-Branch, Stars: Interiors, Stars: White Dwarfs},
     year = 2007,
    month = jun,
   volume = 661,
    pages = {1094-1104},
      doi = {10.1086/516819},
   adsurl = {https://ui.adsabs.harvard.edu/abs/2007ApJ...661.1094C},
  adsnote = {Provided by the SAO/NASA Astrophysics Data System}
}

@ARTICLE{Ferguson2005,
  author = {{Ferguson}, J.~W. and {Alexander}, D.~R. and {Allard}, F. and {Barman}, T. and {Bodnarik}, J.~G. and {Hauschildt}, P.~H. and {Heffner-Wong}, A. and {Tamanai}, A.},
  title = {{Low-Temperature Opacities}},
  journal = {\apj},
  eprint = {astro-ph/0502045},
  keywords = {Atomic Data, Equation of State, Methods: Numerical, Molecular Data},
  year = {2005},
  month = {apr},
  volume = {623},
  pages = {585-596},
  doi = {10.1086/428642},
  adsurl = {https://ui.adsabs.harvard.edu/abs/2005ApJ...623..585F},
  adsnote = {Provided by the SAO/NASA Astrophysics Data System},
}


@ARTICLE{Pols1995,
  author = {{Pols}, O.~R. and {Tout}, C.~A. and {Eggleton}, P.~P. and {Han}, Z. },
  title = {{Approximate input physics for stellar modelling}},
  journal = {\mnras},
  eprint = {astro-ph/9504025},
  keywords = {EQUATION OF STATE, STARS: EVOLUTION, STARS: LOW-MASS, BROWN DWARFS},
  year = {1995},
  month = {jun},
  volume = {274},
  pages = {964-974},
  doi = {10.1093/mnras/274.3.964},
  adsurl = {https://ui.adsabs.harvard.edu/abs/1995MNRAS.274..964P},
  adsnote = {Provided by the SAO/NASA Astrophysics Data System},
}

@ARTICLE{Timmes2000,
  author = {{Timmes}, F.~X. and {Swesty}, F.~D.},
  title = {{The Accuracy, Consistency, and Speed of an Electron-Positron Equation of State Based on Table Interpolation of the Helmholtz Free Energy}},
  journal = {\apjs},
  keywords = {EQUATION OF STATE, HYDRODYNAMICS, METHODS: NUMERICAL, STARS: GENERAL},
  year = {2000},
  month = {feb},
  volume = {126},
  pages = {501-516},
  doi = {10.1086/313304},
  adsurl = {https://ui.adsabs.harvard.edu/abs/2000ApJS..126..501T},
  adsnote = {Provided by the SAO/NASA Astrophysics Data System},
}

@ARTICLE{Saumon1995,
  author = {{Saumon}, D. and {Chabrier}, G. and {van Horn}, H.~M.},
  title = {{An Equation of State for Low-Mass Stars and Giant Planets}},
  journal = {\apjs},
  keywords = {EQUATION OF STATE, STARS: INTERIORS, STARS: LOW-MASS, BROWN DWARFS, STARS: PLANETARY SYSTEMS},
  year = {1995},
  month = {aug},
  volume = {99},
  pages = {713},
  doi = {10.1086/192204},
  adsurl = {https://ui.adsabs.harvard.edu/abs/1995ApJS...99..713S},
  adsnote = {Provided by the SAO/NASA Astrophysics Data System},
}

@ARTICLE{Potekhin2010,
  author = {{Potekhin}, A.~Y. and {Chabrier}, G.},
  title = {{Thermodynamic Functions of Dense Plasmas: Analytic Approximations for Astrophysical Applications}},
  journal = {Contributions to Plasma Physics},
  archivePrefix = {arXiv},
  eprint = {1001.0690},
  primaryClass = {physics.plasm-ph},
  year = {2010},
  month = {jan},
  volume = {50},
  pages = {82-87},
  doi = {10.1002/ctpp.201010017},
  adsurl = {https://ui.adsabs.harvard.edu/abs/2010CoPP...50...82P},
  adsnote = {Provided by the SAO/NASA Astrophysics Data System},
}

@ARTICLE{Rogers2002,
   author = {{Rogers}, F.~J. and {Nayfonov}, A.},
    title = "{Updated and Expanded OPAL Equation-of-State Tables: Implications for Helioseismology}",
  journal = {\apj},
 keywords = {Atomic Processes, Equation of State, Sun: Oscillations},
     year = 2002,
    month = sep,
   volume = 576,
    pages = {1064-1074},
      doi = {10.1086/341894},
   adsurl = {https://ui.adsabs.harvard.edu/abs/2002ApJ...576.1064R},
  adsnote = {Provided by the SAO/NASA Astrophysics Data System}
}

@Article{	  brott:11,
  author	= {{Brott}, I. and {de Mink}, S.~E. and {Cantiello}, M. and
		  {Langer}, N. and {de Koter}, A. and {Evans}, C.~J. and
		  {Hunter}, I. and {Trundle}, C. and {Vink}, J.~S.},
  title		= "{Rotating massive main-sequence stars. I. Grids of
		  evolutionary models and isochrones}",
  journal	= {\aap},
  archiveprefix	= "arXiv",
  eprint	= {1102.0530},
  primaryclass	= "astro-ph.SR",
  keywords	= {stars: abundances, stars: evolution, stars: early-type,
		  stars: rotation, stars: massive},
  year		= 2011,
  month		= jun,
  volume	= 530,
  eid		= {A115},
  pages		= {A115},
  doi		= {10.1051/0004-6361/201016113},
  adsurl	= {http://adsabs.harvard.edu/abs/2011A%26A...530A.115B},
  adsnote	= {Provided by the SAO/NASA Astrophysics Data System}
}

@Article{	  vink:01,
  author	= {{Vink},~J.~S. and {de Koter},~A. and
		  {Lamers},~H.~J.~G.~L.~M. },
  title		= "{Mass-loss predictions for O and B stars as a function of
		  metallicity}",
  journal	= {\aap},
  eprint	= {astro-ph/0101509},
  keywords	= {STARS: EARLY-TYPE, STARS: MASS-LOSS, STARS: SUPERGIANTS,
		  STARS: WINDS, STARS: EVOLUTION},
  year		= 2001,
  month		= apr,
  volume	= 369,
  pages		= 574,
  doi		= {10.1051/0004-6361:20010127},
  adsurl	= {http://adsabs.harvard.edu/abs/2001A%26A...369..574V},
  adsnote	= {Provided by the SAO/NASA Astrophysics Data System}
}

@Article{	  belczynski:16nat,
  abstract	= {{The merger of two massive (about 30 solar masses) black
		  holes has been detected in gravitational waves. This
		  discovery validates recent predictions that massive binary
		  black holes would constitute the first detection. Previous
		  calculations, however, have not sampled the relevant
		  binary-black-hole progenitors{\mdash}massive,
		  low-metallicity binary stars{\mdash}with sufficient
		  accuracy nor included sufficiently realistic physics to
		  enable robust predictions to better than several orders of
		  magnitude. Here we report high-precision numerical
		  simulations of the formation of binary black holes via the
		  evolution of isolated binary stars, providing a framework
		  within which to interpret the first gravitational-wave
		  source, GW150914, and to predict the properties of
		  subsequent binary-black-hole gravitational-wave events. Our
		  models imply that these events form in an environment in
		  which the metallicity is less than ten per cent of solar
		  metallicity, and involve stars with initial masses of
		  40-100 solar masses that interact through mass transfer and
		  a common-envelope phase. These progenitor stars probably
		  formed either about 2 billion years or, with a smaller
		  probability, 11 billion years after the Big Bang. Most
		  binary black holes form without supernova explosions, and
		  their spins are nearly unchanged since birth, but do not
		  have to be parallel. The classical field formation of
		  binary black holes we propose, with low natal kicks (the
		  velocity of the black hole at birth) and restricted
		  common-envelope evolution, produces approximately 40 times
		  more binary-black-holes mergers than do dynamical formation
		  channels involving globular clusters; our predicted
		  detection rate of these mergers is comparable to that from
		  homogeneous evolution channels. Our calculations predict
		  detections of about 1,000 black-hole mergers per year with
		  total masses of 20-80 solar masses once second-generation
		  ground-based gravitational-wave observatories reach full
		  sensitivity. }},
  adsnote	= {Provided by the SAO/NASA Astrophysics Data System},
  adsurl	= {http://adsabs.harvard.edu/abs/2016Natur.534..512B},
  archiveprefix	= {arXiv},
  author	= {{Belczynski}, K. and {Holz}, D.~E. and {Bulik}, T. and
		  {O'Shaughnessy}, R.},
  date-added	= {2017-02-18 10:10:13 +0000},
  date-modified	= {2017-02-18 10:10:13 +0000},
  doi		= {10.1038/nature18322},
  eprint	= {1602.04531},
  journal	= {\nat},
  month		= jun,
  pages		= {512-515},
  primaryclass	= {astro-ph.HE},
  title		= {{The first gravitational-wave source from the isolated
		  evolution of two stars in the 40-100 solar mass range}},
  volume	= 534,
  year		= 2016,
  bdsk-url-1	= {http://dx.doi.org/10.1038/nature18322}
}


@ARTICLE{law-smith:20,
       author = {{Law-Smith}, Jamie A.~P. and {Everson}, Rosa Wallace and {Ramirez-Ruiz}, Enrico and {de Mink}, Selma E. and {van Son}, Lieke A.~C. and {G{\"o}tberg}, Ylva and {Zellmann}, Stefan and {Vigna-G{\'o}mez}, Alejandro and {Renzo}, Mathieu and {Wu}, Samantha and {Schr{\o}der}, Sophie L. and {Foley}, Ryan J. and {Hutchinson-Smith}, Tenley},
        title = "{Successful Common Envelope Ejection and Binary Neutron Star Formation in 3D Hydrodynamics}",
      journal = {arXiv e-prints},
     keywords = {Astrophysics - High Energy Astrophysical Phenomena},
         year = 2020,
        month = nov,
          eid = {arXiv:2011.06630},
        pages = {arXiv:2011.06630},
archivePrefix = {arXiv},
       eprint = {2011.06630},
 primaryClass = {astro-ph.HE},
       adsurl = {https://ui.adsabs.harvard.edu/abs/2020arXiv201106630L},
      adsnote = {Provided by the SAO/NASA Astrophysics Data System}
}


@Article{	  braun:95,
  author	= "H. {Braun} and N. {Langer}",
  title		= "{Effects of accretion onto massive main sequence stars.}",
  journal	= "\aap",
  keywords	= "STARS: EARLY-TYPE, STARS: EVOLUTION, STARS: BINARIES:
		  CLOSE, CONVECTION, ACCRETION",
  year		= "1995",
  month		= may,
  volume	= "297",
  pages		= "483",
  adsurl	= "http://adsabs.harvard.edu/abs/1995A%26A...297..483B",
  adsnote	= "Provided by the SAO/NASA Astrophysics Data System"
}

@Article{	  hellings:83,
  adsnote	= {Provided by the SAO/NASA Astrophysics Data System},
  adsurl	= {http://adsabs.harvard.edu/abs/1983Ap%26SS..96...37H},
  author	= {{Hellings}, P.},
  date-added	= {2017-02-18 10:10:13 +0000},
  date-modified	= {2017-02-18 10:10:14 +0000},
  doi		= {10.1007/BF00661941},
  journal	= {\apss},
  keywords	= {BINARY STARS, HERTZSPRUNG-RUSSELL DIAGRAM, STELLAR
		  ENVELOPES, STELLAR EVOLUTION, STELLAR LUMINOSITY, STELLAR
		  MASS ACCRETION, STELLAR STRUCTURE, CONVECTION, HYDROGEN,
		  RELAXATION TIME, THERMONUCLEAR REACTIONS},
  month		= oct,
  pages		= {37-54},
  title		= {{Phenomenological study of massive accretion stars}},
  volume	= 96,
  year		= 1983,
  bdsk-url-1	= {http://dx.doi.org/10.1007/BF00661941}
}


@Article{	  hellings:84,
  abstract	= {{The structure of the secondary components of a close
		  group of model binary systems (with initial primary masses
		  15-30 solar mass and initial mass ratios 0.3-0.9) after
		  Roche-lobe overflow (RLOF) and relaxation toward thermal
		  equilibrium is calculated, assuming the primaries are
		  evolving through the early B phase of mass transfer and
		  allowing for the possibility of mass loss from the system
		  during RLOF. The results are presented in graphs and tables
		  showing the final evolutionary status, mass and mass ratio,
		  chemical profile, and core-H burning lifetime of the
		  secondary. The primary is found to evolve to a sueprnova
		  before the exhaustion of the H core in all cases, and no WR
		  + WR binaries are identified. These findings are then used
		  to estimate the masses of 10 double-lined spectroscopic WR
		  + OB binaries from observational data; most of the WR
		  masses are in the range 8-14 solar mass and are smaller by
		  factors as large as two than those compiled by Massey
		  (1982). }},
  adsnote	= {Provided by the SAO/NASA Astrophysics Data System},
  adsurl	= {http://adsabs.harvard.edu/abs/1984Ap%26SS.104...83H},
  author	= {{Hellings}, P.},
  date-added	= {2017-02-18 09:45:06 +0000},
  date-modified	= {2017-02-18 09:45:07 +0000},
  doi		= {10.1007/BF00653994},
  journal	= {\apss},
  keywords	= {Binary Stars, Roche Limit, Stellar Evolution, Stellar Mass
		  Accretion, Stellar Mass Ejection, Wolf-Rayet Stars, B
		  Stars, Hertzsprung-Russell Diagram, Line Spectra, O Stars,
		  Stellar Structure, Tables (Data), Thermal Stability, Two
		  Body Problem},
  month		= sep,
  pages		= {83-109},
  title		= {{The post-RLOF structure of the secondary components in
		  close binary systems, with an application to masses of
		  Wolf-Rayet stars}},
  volume	= 104,
  year		= 1984,
  bdsk-url-1	= {http://dx.doi.org/10.1007/BF00653994}
}


@ARTICLE{herrero:92,
       author = {{Herrero}, A. and {Kudritzki}, R.~P. and {Vilchez}, J.~M. and {Kunze}, D. and {Butler}, K. and {Haser}, S.},
        title = "{Intrinsic parameters of galactic luminous OB stars.}",
      journal = {\aap},
     keywords = {B Stars, O Stars, Stellar Luminosity, Abundance, Astronomical Spectroscopy, H Lines, Stellar Atmospheres, Stellar Evolution, Stellar Mass, Stellar Models, Astrophysics},
         year = 1992,
        month = jul,
       volume = {261},
        pages = {209-234},
       adsurl = {https://ui.adsabs.harvard.edu/abs/1992A&A...261..209H},
      adsnote = {Provided by the SAO/NASA Astrophysics Data System}
}


@Article{	  tauris:17,
  author	= "T.~M. {Tauris} and M. {Kramer} and P.~C.~C. {Freire} and
		  N. {Wex} and H.-T. {Janka} and N. {Langer} and P.
		  {Podsiadlowski} and E. {Bozzo} and S. {Chaty} and M.~U.
		  {Kruckow} and E.~P.~J. {van den Heuvel} and J. {Antoniadis}
		  and R.~P. {Breton} and D.~J. {Champion}",
  title		= "{Formation of Double Neutron Star Systems}",
  journal	= "\apj",
  archiveprefix	= "arXiv",
  eprint	= "1706.09438",
  primaryclass	= "astro-ph.HE",
  keywords	= "gravitational waves, pulsars: general, stars: mass-loss,
		  stars: neutron, supernovae: general, X-rays: binaries",
  year		= "2017",
  month		= sep,
  volume	= "846",
  eid		= "170",
  pages		= "170",
  doi		= "10.3847/1538-4357/aa7e89",
  adsurl	= "http://adsabs.harvard.edu/abs/2017ApJ...846..170T",
  adsnote	= "Provided by the SAO/NASA Astrophysics Data System"
}


@Article{	  kippenhahn:67,
  author	= "R. {Kippenhahn} and A. {Weigert}",
  title		= "{Entwicklung in engen Doppelsternsystemen I.
		  Massenaustausch vor und nach Beendigung des zentralen
		  Wasserstoff-Brennens}",
  journal	= "\zap",
  year		= "1967",
  volume	= "65",
  pages		= "251",
  adsurl	= "http://adsabs.harvard.edu/abs/1967ZA.....65..251K",
  adsnote	= "Provided by the SAO/NASA Astrophysics Data System"
}


@ARTICLE{laplace:21,
       author = {{Laplace}, E. and {Justham}, S. and {Renzo}, M. and {G{\"o}tberg}, Y. and {Farmer}, R. and {Vartanyan}, D. and {de Mink}, S.~E.},
        title = "{Different to the core: the pre-supernova structures of massive single and binary-stripped stars}",
      journal = {arXiv e-prints},
     keywords = {Astrophysics - Solar and Stellar Astrophysics},
         year = 2021,
        month = feb,
          eid = {arXiv:2102.05036},
        pages = {arXiv:2102.05036},
archivePrefix = {arXiv},
       eprint = {2102.05036},
 primaryClass = {astro-ph.SR},
       adsurl = {https://ui.adsabs.harvard.edu/abs/2021arXiv210205036L},
      adsnote = {Provided by the SAO/NASA Astrophysics Data System}
}

@Article{	  gotberg:17,
  author	= "Y. {G{\"o}tberg} and S.~E. {de Mink} and J.~H. {Groh}",
  title		= "{Ionizing spectra of stars that lose their envelope
		  through interaction with a binary companion: role of
		  metallicity}",
  journal	= "",
  archiveprefix	= "arXiv",
  eprint	= "1701.07439",
  primaryclass	= "astro-ph.SR",
  keywords	= "Astrophysics - Solar and Stellar Astrophysics",
  year		= "2017",
  month		= jan,
  adsurl	= "http://adsabs.harvard.edu/abs/2017arXiv170107439G",
  adsnote	= "Provided by the SAO/NASA Astrophysics Data System"
}


@ARTICLE{blagorodnova:21,
       author = {{Blagorodnova}, Nadejda and {Klencki}, Jakub and {Pejcha}, Ondrej and {Vreeswijk}, Paul M. and {Bond}, Howard E. and {Burdge}, Kevin B. and {De}, Kishalay and {Fremling}, Christoffer and {Gehrz}, Robert D. and {Jencson}, Jacob E. and {Kasliwal}, Mansi M. and {Kupfer}, Thomas and {Lau}, Ryan M. and {Masci}, Frank J. and {Rich}, Michael R.},
        title = "{The luminous red nova AT 2018bwo in NGC 45 and its binary yellow supergiant progenitor}",
      journal = {arXiv e-prints},
     keywords = {Astrophysics - Solar and Stellar Astrophysics},
         year = 2021,
        month = feb,
          eid = {arXiv:2102.05662},
        pages = {arXiv:2102.05662},
archivePrefix = {arXiv},
       eprint = {2102.05662},
 primaryClass = {astro-ph.SR},
       adsurl = {https://ui.adsabs.harvard.edu/abs/2021arXiv210205662B},
      adsnote = {Provided by the SAO/NASA Astrophysics Data System}
}

@Article{	  kippenhahn:80,
  author	= "R. {Kippenhahn} and G. {Ruschenplatt} and H.-C. {Thomas}",
  title		= "{The time scale of thermohaline mixing in stars}",
  journal	= "\aap",
  keywords	= "Atmospheric Circulation, Dynamic Stability, Helium
		  Hydrogen Atmospheres, Main Sequence Stars, Stellar
		  Envelopes, Stellar Structure, Atmospheric Diffusion,
		  Diffusion Coefficient, Molecular Weight, Stellar
		  Atmospheres, Stellar Oscillations",
  year		= "1980",
  month		= nov,
  volume	= "91",
  pages		= "175--180",
  adsurl	= "http://adsabs.harvard.edu/abs/1980A%26A....91..175K",
  adsnote	= "Provided by the SAO/NASA Astrophysics Data System"
}

@Article{	  langer:83,
  author	= "N. {Langer} and K.~J. {Fricke} and D. {Sugimoto}",
  title		= "{Semiconvective diffusion and energy transport}",
  journal	= "\aap",
  keywords	= "Astrophysics, Convection, Diffusion, Energy Transfer,
		  Stellar Structure, Diffusion Coefficient, Stellar
		  Interiors, Temperature Gradients",
  year		= "1983",
  month		= sep,
  volume	= "126",
  pages		= "207",
  adsurl	= "https://ui.adsabs.harvard.edu/abs/1983A%26A...126..207L",
  adsnote	= "Provided by the SAO/NASA Astrophysics Data System"
}

@Article{	  herwig:00,
  author	= "F. {Herwig}",
  title		= "{The evolution of AGB stars with convective overshoot}",
  journal	= "\aap",
  eprint	= "astro-ph/0007139",
  keywords	= "STARS: ABUNDANCES, STARS: INTERIORS, STARS: EVOLUTION,
		  STARS: AGB AND POST-AGB",
  year		= "2000",
  month		= aug,
  volume	= "360",
  pages		= "952--968",
  adsurl	= "http://adsabs.harvard.edu/abs/2000A%26A...360..952H",
  adsnote	= "Provided by the SAO/NASA Astrophysics Data System"
}


@Article{	  gotberg:18,
  author	= "Y. {G{\"o}tberg} and S.~E. {de Mink} and J.~H. {Groh} and
		  T. {Kupfer} and P.~A. {Crowther} and E. {Zapartas} and M.
		  {Renzo}",
  title		= "{Spectral models for binary products: Unifying subdwarfs
		  and Wolf-Rayet stars as a sequence of stripped-envelope
		  stars}",
  journal	= "\aap",
  archiveprefix	= "arXiv",
  eprint	= "1802.03018",
  primaryclass	= "astro-ph.SR",
  keywords	= "binaries: close, stars: atmospheres, subdwarfs, stars:
		  Wolf-Rayet, galaxies: stellar content, ultraviolet:
		  galaxies",
  year		= "2018",
  month		= jul,
  volume	= "615",
  eid		= "A78",
  pages		= "A78",
  doi		= "10.1051/0004-6361/201732274",
  adsurl	= "http://adsabs.harvard.edu/abs/2018A%26A...615A..78G",
  adsnote	= "Provided by the SAO/NASA Astrophysics Data System"
}

@Article{	  langer:98,
  author	= {{Langer}, N.},
  title		= "{Coupled mass and angular momentum loss of massive main
		  sequence stars}",
  journal	= {\aap},
  keywords	= {STARS: ROTATION, STARS: INTERIORS, STARS: EARLY-TYPE,
		  STARS: EVOLUTION, STARS: MASS LOSS},
  year		= 1998,
  month		= jan,
  volume	= {329},
  pages		= {551-558},
  adsurl	= {https://ui.adsabs.harvard.edu/abs/1998A&A...329..551L},
  adsnote	= {Provided by the SAO/NASA Astrophysics Data System}
}

@Article{	  vink:00,
  author	= "J.~S. {Vink} and A. {de Koter} and H.~J.~G.~L.~M.
		  {Lamers}",
  title		= "{New theoretical mass-loss rates of O and B stars}",
  journal	= "\aap",
  eprint	= "arXiv:astro-ph/0008183",
  keywords	= "STARS: EARLY-TYPE, STARS: MASS-LOSS, STARS: SUPERGIANTS,
		  STARS: WINDS, OUTFLOWS, STARS: EVOLUTION",
  year		= "2000",
  month		= oct,
  volume	= "362",
  pages		= "295",
  adsurl	= "http://adsabs.harvard.edu/abs/2000A%26A...362..295V",
  adsnote	= "Provided by the SAO/NASA Astrophysics Data System"
}



@Article{	  dejager:88,
  author	= "C. {de Jager} and H. {Nieuwenhuijzen} and K.~A. {van der
		  Hucht}",
  title		= "{Mass loss rates in the Hertzsprung-Russell diagram}",
  journal	= "\aaps",
  keywords	= "HERTZSPRUNG-RUSSELL DIAGRAM, O STARS, PLANETARY NEBULAE,
		  STELLAR LUMINOSITY, STELLAR MASS EJECTION, WOLF-RAYET
		  STARS, B STARS, CARBON STARS, COMPUTATIONAL ASTROPHYSICS,
		  HIGH TEMPERATURE, HOT STARS, STELLAR MASS",
  year		= "1988",
  month		= feb,
  volume	= "72",
  pages		= "259",
  adsurl	= "http://adsabs.harvard.edu/abs/1988A%26AS...72..259D",
  adsnote	= "Provided by the SAO/NASA Astrophysics Data System"
}

@Article{	  heger:00,
  author	= "A. {Heger} and N. {Langer} and S.~E. {Woosley}",
  title		= "{Presupernova Evolution of Rotating Massive Stars. I.
		  Numerical Method and Evolution of the Internal Stellar
		  Structure}",
  journal	= "\apj",
  year		= "2000",
  month		= jan,
  volume	= "528",
  pages		= "368"
}


@Article{	  hirai:18,
  author	= "R. {Hirai} and P. {Podsiadlowski} and S. {Yamada}",
  title		= "{Comprehensive study of ejecta-companion interaction for
		  core-collapse supernovae in massive binaries}",
  journal	= "",
  archiveprefix	= "arXiv",
  eprint	= "1803.10808",
  primaryclass	= "astro-ph.HE",
  keywords	= "Astrophysics - High Energy Astrophysical Phenomena",
  year		= "2018",
  month		= mar,
  adsurl	= "http://adsabs.harvard.edu/abs/2018arXiv180310808H",
  adsnote	= "Provided by the SAO/NASA Astrophysics Data System"
}


@ARTICLE{kolb:90,
       author = {{Kolb}, U. and {Ritter}, H.},
        title = "{A comparative study of the evolution of a close binary using a standard and an improved technique for computing mass transfer.}",
      journal = {\aap},
     keywords = {Binary Stars, Computational Astrophysics, Mass Transfer, Stellar Evolution, Asymptotic Giant Branch Stars, Stellar Mass, Stellar Models, Stellar Structure, Stellar Winds, Astrophysics},
         year = 1990,
        month = sep,
       volume = {236},
        pages = {385-392},
       adsurl = {https://ui.adsabs.harvard.edu/abs/1990A&A...236..385K},
      adsnote = {Provided by the SAO/NASA Astrophysics Data System}
}

@ARTICLE{sweet:50,
       author = {{Sweet}, P.~A.},
        title = "{The importance of rotation in stellar evolution}",
      journal = {\mnras},
         year = 1950,
        month = jan,
       volume = {110},
        pages = {548},
          doi = {10.1093/mnras/110.6.548},
       adsurl = {https://ui.adsabs.harvard.edu/abs/1950MNRAS.110..548S},
      adsnote = {Provided by the SAO/NASA Astrophysics Data System}
}

@ARTICLE{claret:17,
       author = {{Claret}, Antonio and {Torres}, Guillermo},
        title = "{The Dependence of Convective Core Overshooting on Stellar Mass: A Semi-empirical Determination Using the Diffusive Approach with Two Different Element Mixtures}",
      journal = {\apj},
     keywords = {binaries: eclipsing, convection, stars: evolution, stars: interiors, Astrophysics - Solar and Stellar Astrophysics},
         year = 2017,
        month = nov,
       volume = {849},
       number = {1},
          eid = {18},
        pages = {18},
          doi = {10.3847/1538-4357/aa8770},
archivePrefix = {arXiv},
       eprint = {1710.08417},
 primaryClass = {astro-ph.SR},
       adsurl = {https://ui.adsabs.harvard.edu/abs/2017ApJ...849...18C},
      adsnote = {Provided by the SAO/NASA Astrophysics Data System}
}

@ARTICLE{laplace:20,
       author = {{Laplace}, E. and {G{\"o}tberg}, Y. and {de Mink}, S.~E. and {Justham}, S. and {Farmer}, R.},
        title = "{The expansion of stripped-envelope stars: Consequences for supernovae and gravitational-wave progenitors}",
      journal = {\aap},
     keywords = {binaries : close, gravitational waves, stars: massive, stars: evolution, stars: Wolf-Rayet, supernovae: general, Astrophysics - Solar and Stellar Astrophysics, Astrophysics - Astrophysics of Galaxies},
         year = 2020,
        month = may,
       volume = {637},
          eid = {A6},
        pages = {A6},
          doi = {10.1051/0004-6361/201937300},
archivePrefix = {arXiv},
       eprint = {2003.01120},
 primaryClass = {astro-ph.SR},
       adsurl = {https://ui.adsabs.harvard.edu/abs/2020A&A...637A...6L},
      adsnote = {Provided by the SAO/NASA Astrophysics Data System}
}


@Article{	  spruit:02,
  author	= "H.~C. {Spruit}",
  title		= "{Dynamo action by differential rotation in a stably
		  stratified stellar interior}",
  journal	= "\aap",
  eprint	= "arXiv:astro-ph/0108207",
  keywords	= "MAGNETOHYDRODYNAMICS (MHD), STARS: MAGNETIC FIELDS,
		  INSTABILITIES",
  year		= "2002",
  month		= jan,
  volume	= "381",
  pages		= "923",
  doi		= "10.1051/0004-6361:20011465",
  adsurl	= "http://adsabs.harvard.edu/abs/2002A%26A...381..923S",
  adsnote	= "Provided by the SAO/NASA Astrophysics Data System"
}

@Article{	  sana:12,
  author	= "H. {Sana} and S.~E. {de Mink} and A. {de Koter} and N.
		  {Langer} and C.~J. {Evans} and M. {Gieles} and E. {Gosset}
		  and R.~G. {Izzard} and J.-B. {Le Bouquin} and F.~R.~N.
		  {Schneider}",
  title		= "{Binary Interaction Dominates the Evolution of Massive
		  Stars}",
  journal	= "Science",
  archiveprefix	= "arXiv",
  eprint	= "1207.6397",
  primaryclass	= "astro-ph.SR",
  year		= "2012",
  month		= jul,
  volume	= "337",
  pages		= "444",
  doi		= "10.1126/science.1223344",
  adsurl	= "http://adsabs.harvard.edu/abs/2012Sci...337..444S",
  adsnote	= "Provided by the SAO/NASA Astrophysics Data System"
}


@Article{	  mason:09,
  author	= "B.~D. {Mason} and W.~I. {Hartkopf} and D.~R. {Gies} and
		  T.~J. {Henry} and J.~W. {Helsel}",
  title		= "{The High Angular Resolution Multiplicity of Massive
		  Stars}",
  journal	= "\aj",
  archiveprefix	= "arXiv",
  eprint	= "0811.0492",
  keywords	= "binaries: general, binaries: visual, stars: early-type,
		  stars: individual: iota Ori delta Ori delta Sco,
		  techniques: interferometric",
  year		= "2009",
  month		= feb,
  volume	= "137",
  pages		= "3358--3377",
  doi		= "10.1088/0004-6256/137/2/3358",
  adsurl	= "http://adsabs.harvard.edu/abs/2009AJ....137.3358M",
  adsnote	= "Provided by the SAO/NASA Astrophysics Data System"
}

@Article{	  almeida:17,
  author	= "L.~A. {Almeida} and H. {Sana} and W. {Taylor} and R.
		  {Barb{\'a}} and A.~Z. {Bonanos} and P. {Crowther} and A.
		  {Damineli} and A. {de Koter} and S.~E. {de Mink} and C.~J.
		  {Evans} and M. {Gieles} and N.~J. {Grin} and V.
		  {H{\'e}nault-Brunet} and N. {Langer} and D. {Lennon} and S.
		  {Lockwood} and J. {Ma{\'{\i}}z Apell{\'a}niz} and A.~F.~J.
		  {Moffat} and C. {Neijssel} and C. {Norman} and O.~H.
		  {Ram{\'{\i}}rez-Agudelo} and N.~D. {Richardson} and A.
		  {Schootemeijer} and T. {Shenar} and I. {Soszy{\'n}ski} and
		  F. {Tramper} and J.~S. {Vink}",
  title		= "{The Tarantula Massive Binary Monitoring. I. Observational
		  campaign and OB-type spectroscopic binaries}",
  journal	= "\aap",
  archiveprefix	= "arXiv",
  eprint	= "1610.03500",
  primaryclass	= "astro-ph.SR",
  keywords	= "stars: early-type, stars: massive, binaries:
		  spectroscopic, binaries: close",
  year		= "2017",
  month		= feb,
  volume	= "598",
  eid		= "A84",
  pages		= "A84",
  doi		= "10.1051/0004-6361/201629844",
  adsurl	= "http://adsabs.harvard.edu/abs/2017A%26A...598A..84A",
  adsnote	= "Provided by the SAO/NASA Astrophysics Data System"
}



@Article{	  neo:77,
  author	= "S. {Neo} and S. {Miyaji} and K. {Nomoto} and D.
		  {Sugimoto}",
  title		= "{Effect of Rapid Mass Accretion onto the Main-Sequence
		  Stars}",
  journal	= "\pasj",
  year		= "1977",
  volume	= "29",
  pages		= "249--262",
  adsurl	= "http://adsabs.harvard.edu/abs/1977PASJ...29..249N",
  adsnote	= "Provided by the SAO/NASA Astrophysics Data System"
}


@Article{	  schneider:16,
  author	= "F.~R.~N. {Schneider} and P. {Podsiadlowski} and N.
		  {Langer} and N. {Castro} and L. {Fossati}",
  title		= "{Rejuvenation of stellar mergers and the origin of
		  magnetic fields in massive stars}",
  journal	= "\mnras",
  archiveprefix	= "arXiv",
  eprint	= "1601.05084",
  primaryclass	= "astro-ph.SR",
  keywords	= "binaries: general, blue stragglers, stars: general, stars:
		  individual: {$\tau$} Sco, stars: individual: HR 2949",
  year		= "2016",
  month		= apr,
  volume	= "457",
  pages		= "2355--2365",
  doi		= "10.1093/mnras/stw148",
  adsurl	= "http://adsabs.harvard.edu/abs/2016MNRAS.457.2355S",
  adsnote	= "Provided by the SAO/NASA Astrophysics Data System"
}

@Article{	  packet:81,
  author	= "W. {Packet}",
  title		= "{On the spin-up of the mass accreting component in a close
		  binary system}",
  journal	= "\aap",
  keywords	= "Binary Stars, Momentum Transfer, Stellar Evolution,
		  Stellar Mass Accretion, Angular Momentum, Angular Velocity,
		  Critical Velocity, Stellar Rotation",
  year		= "1981",
  month		= sep,
  volume	= "102",
  pages		= "17--19",
  adsurl	= "http://adsabs.harvard.edu/abs/1981A%26A...102...17P",
  adsnote	= "Provided by the SAO/NASA Astrophysics Data System"
}


@Article{	  dedonder:97,
  author	= "E. {De Donder} and D. {Vanbeveren} and J. {van Bever}",
  title		= "{The number of O-type runaways, the number of O and
		  Wolf-Rayet stars with a compact companion and the formation
		  rate of double pulsars predicted by massive close binary
		  evolution.}",
  journal	= "\aap",
  keywords	= "STARS: EVOLUTION, EARLY-TYPE, KINEMATICS, BINARIES: CLOSE:
		  WOLF-RAYET, PULSARS",
  year		= "1997",
  month		= feb,
  volume	= "318",
  pages		= "812--818",
  adsurl	= "http://adsabs.harvard.edu/abs/1997A%26A...318..812D",
  adsnote	= "Provided by the SAO/NASA Astrophysics Data System"
}

@Article{	  eldridge:11,
  author	= "J.~J. {Eldridge} and N. {Langer} and C.~A. {Tout}",
  title		= "{Runaway stars as progenitors of supernovae and gamma-ray
		  bursts}",
  journal	= "\mnras",
  archiveprefix	= "arXiv",
  eprint	= "1103.1877",
  primaryclass	= "astro-ph.SR",
  keywords	= "binaries: general, stars: evolution, gamma-ray burst:
		  general, stars: massive, supernovae: general, stars:
		  Wolf-Rayet",
  year		= "2011",
  month		= jul,
  volume	= "414",
  pages		= "3501--3520",
  doi		= "10.1111/j.1365-2966.2011.18650.x",
  adsurl	= "http://adsabs.harvard.edu/abs/2011MNRAS.414.3501E",
  adsnote	= "Provided by the SAO/NASA Astrophysics Data System"
}

@Article{	  evans:20,
  author	= {{Evans}, Fraser A. and {Renzo}, Mathieu and {Rossi}, Elena
		  Maria},
  title		= "{Core-Collapse Supernovae in Binaries as the Origin of
		  Galactic Hyper-Runaway Stars}",
  journal	= {arXiv e-prints},
  keywords	= {Astrophysics - Solar and Stellar Astrophysics,
		  Astrophysics - Astrophysics of Galaxies, Astrophysics -
		  High Energy Astrophysical Phenomena},
  year		= 2020,
  month		= jun,
  eid		= {arXiv:2006.00849},
  pages		= {arXiv:2006.00849},
  archiveprefix	= {arXiv},
  eprint	= {2006.00849},
  primaryclass	= {astro-ph.SR},
  adsurl	= {https://ui.adsabs.harvard.edu/abs/2020arXiv200600849E},
  adsnote	= {Provided by the SAO/NASA Astrophysics Data System}
}


@Article{	  zapartas:19,
  author	= "E. {Zapartas} and S. E. {de Mink} and S. {Justham} and N.
		  {Smith} and A. {de Koter} and M. {Renzo} and I. {Arcavi}
		  and R. {Farmer} and Y. {G{\"o}tberg} and S. {Toonen}",
  title		= "{The diverse lives of progenitors of hydrogen-rich
		  core-collapse supernovae: the role of binary interaction}",
  journal	= "",
  keywords	= "Astrophysics - High Energy Astrophysical Phenomena,
		  Astrophysics - Solar and Stellar Astrophysics",
  year		= "2019",
  month		= jul,
  eid		= "arXiv:1907.06687",
  pages		= "",
  archiveprefix	= "arXiv",
  eprint	= "1907.06687",
  primaryclass	= "astro-ph.HE",
  adsurl	= "https://ui.adsabs.harvard.edu/abs/2019arXiv190706687Z",
  adsnote	= "Provided by the SAO/NASA Astrophysics Data System"
}


@ARTICLE{zapartas:21,
       author = {{Zapartas}, E. and {de Mink}, S.~E. and {Justham}, S. and {Smith}, N. and {Renzo}, M. and {de Koter}, A.},
        title = "{Effect of binary evolution on the inferred initial and final core masses of hydrogen-rich, Type II supernova progenitors}",
      journal = {\aap},
     keywords = {supernovae: general, binaries: close, stars: evolution, stars: massive, Astrophysics - High Energy Astrophysical Phenomena, Astrophysics - Solar and Stellar Astrophysics},
         year = 2021,
        month = jan,
       volume = {645},
          eid = {A6},
        pages = {A6},
          doi = {10.1051/0004-6361/202037744},
archivePrefix = {arXiv},
       eprint = {2002.07230},
 primaryClass = {astro-ph.HE},
       adsurl = {https://ui.adsabs.harvard.edu/abs/2021A&A...645A...6Z},
      adsnote = {Provided by the SAO/NASA Astrophysics Data System}
}


@ARTICLE{broekgaarden:21,
       author = {{Broekgaarden}, Floor S. and {Berger}, Edo and {Neijssel}, Coenraad J. and {Vigna-G{\'o}mez}, Alejandro and {Chattopadhyay}, Debatri and {Stevenson}, Simon and {Chruslinska}, Martyna and {Justham}, Stephen and {de Mink}, Selma E. and {Mandel}, Ilya},
        title = "{Impact of Massive Binary Star and Cosmic Evolution on Gravitational Wave Observations I: Black Hole - Neutron Star Mergers}",
      journal = {arXiv e-prints},
     keywords = {Astrophysics - High Energy Astrophysical Phenomena},
         year = 2021,
        month = mar,
          eid = {arXiv:2103.02608},
        pages = {arXiv:2103.02608},
archivePrefix = {arXiv},
       eprint = {2103.02608},
 primaryClass = {astro-ph.HE},
       adsurl = {https://ui.adsabs.harvard.edu/abs/2021arXiv210302608B},
      adsnote = {Provided by the SAO/NASA Astrophysics Data System}
}


@ARTICLE{vink:09,
       author = {{Vink}, Jorick S. and {Davies}, B. and {Harries}, T.~J. and {Oudmaijer}, R.~D. and {Walborn}, N.~R.},
        title = "{On the presence and absence of disks around O-type stars}",
      journal = {\aap},
     keywords = {stars: chemically peculiar, polarization, stars: winds, outflows, supergiants, stars: formation, circumstellar matter, Astrophysics - Solar and Stellar Astrophysics},
         year = 2009,
        month = oct,
       volume = {505},
       number = {2},
        pages = {743-753},
          doi = {10.1051/0004-6361/200912610},
archivePrefix = {arXiv},
       eprint = {0909.0888},
 primaryClass = {astro-ph.SR},
       adsurl = {https://ui.adsabs.harvard.edu/abs/2009A&A...505..743V},
      adsnote = {Provided by the SAO/NASA Astrophysics Data System}
}


@ARTICLE{klencki:21,
       author = {{Klencki}, Jakub and {Nelemans}, Gijs and {Istrate}, Alina G. and {Chruslinska}, Martyna},
        title = "{It has to be cool: Supergiant progenitors of binary black hole mergers from common-envelope evolution}",
      journal = {\aap},
     keywords = {stars: evolution, binaries: close, stars: black holes, gravitational waves, supergiants, Astrophysics - Solar and Stellar Astrophysics, Astrophysics - High Energy Astrophysical Phenomena},
         year = 2021,
        month = jan,
       volume = {645},
          eid = {A54},
        pages = {A54},
          doi = {10.1051/0004-6361/202038707},
archivePrefix = {arXiv},
       eprint = {2006.11286},
 primaryClass = {astro-ph.SR},
       adsurl = {https://ui.adsabs.harvard.edu/abs/2021A&A...645A..54K},
      adsnote = {Provided by the SAO/NASA Astrophysics Data System}
}


@ARTICLE{pols_marinus:94,
       author = {{Pols}, O.~R. and {Marinus}, M.},
        title = "{Monte-Carlo simulations of binary stellar evolution in young open clusters}",
      journal = {\aap},
     keywords = {STARS: CLOSE BINARIES, STARS: EVOLUTION, HR DIAGRAM, OPEN CLUSTERS, BLUE STRAGGLERS},
         year = 1994,
        month = aug,
       volume = {288},
        pages = {475-501},
       adsurl = {https://ui.adsabs.harvard.edu/abs/1994A&A...288..475P},
      adsnote = {Provided by the SAO/NASA Astrophysics Data System}
}


@ARTICLE{wang:20,
       author = {{Wang}, Chen and {Langer}, Norbert and {Schootemeijer}, Abel and {Castro}, Norberto and {Adscheid}, Sylvia and {Marchant}, Pablo and {Hastings}, Ben},
        title = "{Effects of Close Binary Evolution on the Main-sequence Morphology of Young Star Clusters}",
      journal = {\apjl},
     keywords = {Stellar evolution, Close binary stars, Interacting binary stars, Stellar evolutionary models, 1599, 254, 801, 2046, Astrophysics - Solar and Stellar Astrophysics, Astrophysics - Astrophysics of Galaxies},
         year = 2020,
        month = jan,
       volume = {888},
       number = {1},
          eid = {L12},
        pages = {L12},
          doi = {10.3847/2041-8213/ab6171},
archivePrefix = {arXiv},
       eprint = {1912.07294},
 primaryClass = {astro-ph.SR},
       adsurl = {https://ui.adsabs.harvard.edu/abs/2020ApJ...888L..12W},
      adsnote = {Provided by the SAO/NASA Astrophysics Data System}
}

@ARTICLE{cantiello:21,
       author = {{Cantiello}, Matteo and {Lecoanet}, Daniel and {Jermyn}, Adam S. and {Grassitelli}, Luca},
        title = "{On the Origin of Stochastic, Low-Frequency Photometric Variability in Massive Stars}",
      journal = {arXiv e-prints},
     keywords = {Astrophysics - Solar and Stellar Astrophysics},
         year = 2021,
        month = feb,
          eid = {arXiv:2102.05670},
        pages = {arXiv:2102.05670},
archivePrefix = {arXiv},
       eprint = {2102.05670},
 primaryClass = {astro-ph.SR},
       adsurl = {https://ui.adsabs.harvard.edu/abs/2021arXiv210205670C},
      adsnote = {Provided by the SAO/NASA Astrophysics Data System}
}

@article{przybilla:08,
	doi = {10.1086/592245},
	url = {https://doi.org/10.1086/592245},
	year = 2008,
	month = {aug},
	publisher = {American Astronomical Society},
	volume = {684},
	number = {2},
	pages = {L103--L106},
	author = {Norbert Przybilla and M. Fernanda Nieva and Ulrich Heber and Keith Butler},
	title = {{HD} 271791: An Extreme Supernova Runaway B Star Escaping from the Galaxy},
	journal = {The Astrophysical Journal},
	abstract = {Hypervelocity stars (HVSs) were first predicted by theory to be the result of the tidal disruption of a binary system by a supermassive black hole (SMBH) that accelerates one component to beyond the Galactic escape velocity (the Hills mechanism). Because the Galactic center hosts such a SMBH it is the suggested place of origin for HVSs. However, the SMBH paradigm has been challenged recently by the young HVS HD 271791 because its kinematics point to a birthplace in the metal-poor rim of the Galactic disk. Here we report the atmosphere of HD 271791 to indeed show a subsolar iron abundance along with an enhancement of the α-elements, indicating capture of nucleosynthesis products from a supernova or a more energetic hypernova. This implies that HD 271791 is the surviving secondary of a massive binary system disrupted in a supernova explosion. No such runaway star has ever been found to exceed the Galactic escape velocity; hence HD 271791 is the first hyperrunaway star. Such a runaway scenario is an alternative to the Hills mechanism for the acceleration of some HVSs with moderate velocities. The observed chemical composition of HD 271791 puts invaluable observational constraints on nucleosynthesis in a supernova from the core collapse of a very massive star (MZAMS≳ 55 M☉), which may be observed as a gamma-ray burst of the long-duration/soft-spectrum type.}
}

@Article{	  tauris:98,
  author	= "T.~M. {Tauris} and R.~J. {Takens}",
  title		= "{Runaway velocities of stellar components originating from
		  disrupted binaries via asymmetric supernova explosions}",
  journal	= "\aap",
  keywords	= "BINARIES: CLOSE, SUPERNOVAE, STARS: KINEMATICS, STARS:
		  NEUTRON, PULSARS: GENERAL",
  year		= "1998",
  month		= feb,
  volume	= "330",
  pages		= "1047--1059",
  adsurl	= "http://adsabs.harvard.edu/abs/1998A%26A...330.1047T",
  adsnote	= "Provided by the SAO/NASA Astrophysics Data System"
}

@Article{	  wheeler:75,
  author	= "J.~C. {Wheeler} and M. {Lecar} and C.~F. {McKee}",
  title		= "{Supernovae in binary systems}",
  journal	= "\apj",
  keywords	= "Binary Stars, Neutron Stars, Stellar Evolution, Stellar
		  Mass Ejection, Supernovae, Shock Wave Propagation, X Ray
		  Astronomy, X Ray Stars",
  year		= "1975",
  month		= aug,
  volume	= "200",
  pages		= "145--157",
  doi		= "10.1086/153771",
  adsurl	= "http://adsabs.harvard.edu/abs/1975ApJ...200..145W",
  adsnote	= "Provided by the SAO/NASA Astrophysics Data System"
}


@ARTICLE{podsiadlowski:03,
       author = {{Podsiadlowski}, Philipp},
        title = "{On the Evolution and Appearance of a Surviving Companion after a Type Ia Supernova Explosion}",
      journal = {arXiv e-prints},
     keywords = {Astrophysics},
         year = 2003,
        month = mar,
          eid = {astro-ph/0303660},
        pages = {astro-ph/0303660},
archivePrefix = {arXiv},
       eprint = {astro-ph/0303660},
 primaryClass = {astro-ph},
       adsurl = {https://ui.adsabs.harvard.edu/abs/2003astro.ph..3660P},
      adsnote = {Provided by the SAO/NASA Astrophysics Data System}
}

@ARTICLE{schneider:21,
       author = {{Schneider}, F.~R.~N. and {Podsiadlowski}, Ph. and {M{\"u}ller}, B.},
        title = "{Pre-supernova evolution, compact-object masses, and explosion properties of stripped binary stars}",
      journal = {\aap},
     keywords = {gravitational waves, binaries: general, stars: black holes, stars: massive, stars: neutron, supernovae: general, Astrophysics - Solar and Stellar Astrophysics, Astrophysics - High Energy Astrophysical Phenomena},
         year = 2021,
        month = jan,
       volume = {645},
          eid = {A5},
        pages = {A5},
          doi = {10.1051/0004-6361/202039219},
archivePrefix = {arXiv},
       eprint = {2008.08599},
 primaryClass = {astro-ph.SR},
       adsurl = {https://ui.adsabs.harvard.edu/abs/2021A&A...645A...5S},
      adsnote = {Provided by the SAO/NASA Astrophysics Data System}
}

@ARTICLE{vanrensbergen:06,
       author = {{van Rensbergen}, W. and {De Loore}, C. and {Jansen}, K.},
        title = "{Evolution of interacting binaries with a B type primary at birth}",
      journal = {\aap},
     keywords = {stars: binaries: close, stars: evolution, stars: fundamental parameters, stars: mass-loss, stars: luminosity function, mass function, stars: statistics},
         year = 2006,
        month = feb,
       volume = {446},
       number = {3},
        pages = {1071-1079},
          doi = {10.1051/0004-6361:20053543},
       adsurl = {https://ui.adsabs.harvard.edu/abs/2006A&A...446.1071V},
      adsnote = {Provided by the SAO/NASA Astrophysics Data System}
}


@ARTICLE{vanrensbergen:11,
       author = {{van Rensbergen}, W. and {de Greve}, J.~P. and {Mennekens}, N. and {Jansen}, K. and {de Loore}, C.},
        title = "{Mass loss out of close binaries. The formation of Algol-type systems, completed with case B RLOF}",
      journal = {\aap},
     keywords = {binaries: eclipsing, stars: evolution, stars: mass-loss, stars: statistics, Astrophysics - Solar and Stellar Astrophysics},
         year = 2011,
        month = apr,
       volume = {528},
          eid = {A16},
        pages = {A16},
          doi = {10.1051/0004-6361/201015596},
archivePrefix = {arXiv},
       eprint = {1008.2620},
 primaryClass = {astro-ph.SR},
       adsurl = {https://ui.adsabs.harvard.edu/abs/2011A&A...528A..16V},
      adsnote = {Provided by the SAO/NASA Astrophysics Data System}
}
