@InProceedings{	  blaauw:93,
  author	= "A. {Blaauw}",
  title		= "{Massive Runaway Stars}",
  booktitle	= "Massive Stars: Their Lives in the Interstellar Medium",
  year		= "1993",
  series	= "Astronomical Society of the Pacific Conference Series",
  volume	= "35",
  editor	= "J.~P. {Cassinelli} and E.~B. {Churchwell}",
  month		= jan,
  pages		= "207",
  adsurl	= "http://adsabs.harvard.edu/abs/1993ASPC...35..207B",
  adsnote	= "Provided by the SAO/NASA Astrophysics Data System"
}


@Article{	  vanrensbergen:96,
  author	= "W. {van Rensbergen} and D. {Vanbeveren} and C. {De Loore}",
  title		= "{OB-runaways as a result of massive star evolution.}",
  journal	= "\aap",
  keywords	= "STARS: KINEMATICS, EARLY TYPE, EVOLUTION, SUPERNOVAE, BLUE
		  STRAGGLERS, MASS-LOSS, OPEN CLUSTERS AND ASSOCIATIONS,
		  BINARIES: CLOSE",
  year		= "1996",
  month		= jan,
  volume	= "305",
  pages		= "825",
  adsurl	= "http://adsabs.harvard.edu/abs/1996A%26A...305..825V",
  adsnote	= "Provided by the SAO/NASA Astrophysics Data System"
}

@ARTICLE{bodensteiner:18,
       author = {{Bodensteiner}, J. and {Baade}, D. and {Greiner}, J. and {Langer}, N.},
        title = "{Infrared nebulae around bright massive stars as indicators for binary interactions}",
      journal = {\aap},
     keywords = {stars: early-type, stars: emission-line, Be, stars: rotation, binaries: general, circumstellar matter, dust, extinction, Astrophysics - Solar and Stellar Astrophysics},
         year = 2018,
        month = oct,
       volume = {618},
          eid = {A110},
        pages = {A110},
          doi = {10.1051/0004-6361/201832722},
archivePrefix = {arXiv},
       eprint = {1806.01294},
 primaryClass = {astro-ph.SR},
       adsurl = {https://ui.adsabs.harvard.edu/abs/2018A&A...618A.110B},
      adsnote = {Provided by the SAO/NASA Astrophysics Data System}
}


@Article{	  vanrensbergen:96,
  author	= "W. {van Rensbergen} and D. {Vanbeveren} and C. {De Loore}",
  title		= "{OB-runaways as a result of massive star evolution.}",
  journal	= "\aap",
  keywords	= "STARS: KINEMATICS, EARLY TYPE, EVOLUTION, SUPERNOVAE, BLUE
		  STRAGGLERS, MASS-LOSS, OPEN CLUSTERS AND ASSOCIATIONS,
		  BINARIES: CLOSE",
  year		= "1996",
  month		= jan,
  volume	= "305",
  pages		= "825",
  adsurl	= "http://adsabs.harvard.edu/abs/1996A%26A...305..825V",
  adsnote	= "Provided by the SAO/NASA Astrophysics Data System"
}

@Article{	  renzo:19walk,
  author	= "M. {Renzo} and E. {Zapartas} and S.~E. {de Mink} and Y.
		  {G{\"o}tberg} and S. {Justham} and R.~J. {Farmer} and R.~G.
		  {Izzard} and S. {Toonen} and H. {Sana}",
  title		= "{Massive runaway and walkaway stars. A study of the
		  kinematical imprints of the physical processes governing
		  the evolution and explosion of their binary progenitors}",
  journal	= "\aap",
  archiveprefix	= "arXiv",
  eprint	= "1804.09164",
  primaryclass	= "astro-ph.SR",
  keywords	= "astrometry, binaries: close, stars: evolution, stars:
		  kinematics and dynamics, stars: massive, supernovae:
		  general",
  year		= "2019",
  month		= apr,
  volume	= "624",
  eid		= "A66",
  pages		= "A66",
  doi		= "10.1051/0004-6361/201833297",
  adsurl	= "http://adsabs.harvard.edu/abs/2019A%26A...624A..66R",
  adsnote	= "Provided by the SAO/NASA Astrophysics Data System"
}

@ARTICLE{sota:14,
       author = {{Sota}, A. and {Ma{\'\i}z Apell{\'a}niz}, J. and {Morrell}, N.~I. and {Barb{\'a}}, R.~H. and {Walborn}, N.~R. and {Gamen}, R.~C. and {Arias}, J.~I. and {Alfaro}, E.~J.},
        title = "{The Galactic O-Star Spectroscopic Survey (GOSSS). II. Bright Southern Stars}",
      journal = {\apjs},
     keywords = {binaries: general, binaries: spectroscopic, stars: early-type, stars: emission-line, Be, surveys, Astrophysics - Galaxy Astrophysics, Astrophysics - Solar and Stellar Astrophysics},
         year = 2014,
        month = mar,
       volume = {211},
       number = {1},
          eid = {10},
        pages = {10},
          doi = {10.1088/0067-0049/211/1/10},
archivePrefix = {arXiv},
       eprint = {1312.6222},
 primaryClass = {astro-ph.GA},
       adsurl = {https://ui.adsabs.harvard.edu/abs/2014ApJS..211...10S},
      adsnote = {Provided by the SAO/NASA Astrophysics Data System}
}

@ARTICLE{tetzlaff:10,
       author = {{Tetzlaff}, N. and {Neuh{\"a}user}, R. and {Hohle}, M.~M. and {Maciejewski}, G.},
        title = "{Identifying birth places of young isolated neutron stars}",
      journal = {\mnras},
     keywords = {stars: kinematics, pulsars: individual: PSR B1929+10, pulsars: individual: RX J1856.5-3754, pulsars: individual: RX J0720.4-3125, pulsars: individual: RX J1605.3+3249, pulsars: individual: RBS 1223, Astrophysics - Astrophysics of Galaxies},
         year = 2010,
        month = mar,
       volume = {402},
       number = {4},
        pages = {2369-2387},
          doi = {10.1111/j.1365-2966.2009.16093.x},
archivePrefix = {arXiv},
       eprint = {0911.4441},
 primaryClass = {astro-ph.GA},
       adsurl = {https://ui.adsabs.harvard.edu/abs/2010MNRAS.402.2369T},
      adsnote = {Provided by the SAO/NASA Astrophysics Data System}
}

@ARTICLE{blaauw:52,
       author = {{Blaauw}, A.},
        title = "{The evolution of expanding stellar associations; the age and origin of the Scorpio-Centaurus group}",
      journal = {\bain},
         year = 1952,
        month = jun,
       volume = {11},
        pages = {414},
       adsurl = {https://ui.adsabs.harvard.edu/abs/1952BAN....11..414B},
      adsnote = {Provided by the SAO/NASA Astrophysics Data System}
}

@ARTICLE{neuhauser:20,
       author = {{Neuh{\"a}user}, R. and {Gie{\ss}ler}, F. and {Hambaryan}, V.~V.},
        title = "{A nearby recent supernova that ejected the runaway star {\ensuremath{\zeta}} Oph, the pulsar PSR B1706-16, and $^{60}$Fe found on Earth}",
      journal = {\mnras},
     keywords = {astrometry, stars: individual: {\ensuremath{\zeta}} Oph, PSR B1706-16, PSR B1929+10, 1H11255-567, stars: neutron, supernovae: general, X-rays: binaries, Astrophysics - High Energy Astrophysical Phenomena},
         year = 2020,
        month = oct,
       volume = {498},
       number = {1},
        pages = {899-917},
          doi = {10.1093/mnras/stz2629},
archivePrefix = {arXiv},
       eprint = {1909.06850},
 primaryClass = {astro-ph.HE},
       adsurl = {https://ui.adsabs.harvard.edu/abs/2020MNRAS.498..899N},
      adsnote = {Provided by the SAO/NASA Astrophysics Data System}
}

@Article{	  hoogerwerf:01,
  author	= "R. {Hoogerwerf} and J.~H.~J. {de Bruijne} and P.~T. {de
		  Zeeuw}",
  title		= "{On the origin of the O and B-type stars with high
		  velocities. II. Runaway stars and pulsars ejected from the
		  nearby young stellar groups}",
  journal	= "\aap",
  eprint	= "astro-ph/0010057",
  keywords	= "ASTROMETRY, STARS: EARLY-TYPE, STARS: KINEMATICS, PULSARS:
		  GENERAL, SUPERNOVA: GENERAL",
  year		= "2001",
  month		= jan,
  volume	= "365",
  pages		= "49--77",
  doi		= "10.1051/0004-6361:20000014",
  adsurl	= "http://adsabs.harvard.edu/abs/2001A%26A...365...49H",
  adsnote	= "Provided by the SAO/NASA Astrophysics Data System"
}

@ARTICLE{zehe:18,
       author = {{Zehe}, T. and {Mugrauer}, M. and {Neuh{\"a}user}, R. and {Pannicke}, A. and {Lux}, O. and {Bischoff}, R. and {W{\"o}ckel}, D. and {Wagner}, D.},
        title = "{The radial and rotational velocity of {\ensuremath{\zeta}} Ophiuchi}",
      journal = {Astronomische Nachrichten},
     keywords = {stars: individual: {\ensuremath{\zeta}} Oph, techniques: radial velocities, Astrophysics - Solar and Stellar Astrophysics},
         year = 2018,
        month = jan,
       volume = {339},
       number = {1},
        pages = {46-52},
          doi = {10.1002/asna.201713383},
archivePrefix = {arXiv},
       eprint = {1801.06409},
 primaryClass = {astro-ph.SR},
       adsurl = {https://ui.adsabs.harvard.edu/abs/2018AN....339...46Z},
      adsnote = {Provided by the SAO/NASA Astrophysics Data System}
}


@Article{	  blaauw:61,
  author	= "A. {Blaauw}",
  title		= "{On the origin of the O- and B-type stars with high
		  velocities (the ''run-away'' stars), and some related
		  problems}",
  journal	= "\bain",
  year		= "1961",
  month		= may,
  volume	= "15",
  pages		= "265",
  adsurl	= "http://adsabs.harvard.edu/abs/1961BAN....15..265B",
  adsnote	= "Provided by the SAO/NASA Astrophysics Data System"
}

@ARTICLE{villamariz:05,
       author = {{Villamariz}, M.~R. and {Herrero}, A.},
        title = "{Chemical composition of Galactic OB stars. II. The fast rotator <ASTROBJ>{\ensuremath{\zeta}} Ophiuchi</ASTROBJ>}",
      journal = {\aap},
     keywords = {stars: individual: <ASTROBJ>HD 149757</ASTROBJ>, stars: abundances, stars: evolution, stars: rotation, stars: fundamental parameters, stars: early-type, Astrophysics},
         year = 2005,
        month = oct,
       volume = {442},
       number = {1},
        pages = {263-270},
          doi = {10.1051/0004-6361:20052848},
archivePrefix = {arXiv},
       eprint = {astro-ph/0507400},
 primaryClass = {astro-ph},
       adsurl = {https://ui.adsabs.harvard.edu/abs/2005A&A...442..263V},
      adsnote = {Provided by the SAO/NASA Astrophysics Data System}
}


@ARTICLE{marcolino:09,
       author = {{Marcolino}, W.~L.~F. and {Bouret}, J. -C. and {Martins}, F. and {Hillier}, D.~J. and {Lanz}, T. and {Escolano}, C.},
        title = "{Analysis of Galactic late-type O dwarfs: more constraints on the weak wind problem}",
      journal = {\aap},
     keywords = {stars: atmospheres, stars: mass-loss, stars: fundamental parameters, stars: early-type, Astrophysics - Solar and Stellar Astrophysics, Astrophysics - Astrophysics of Galaxies},
         year = 2009,
        month = may,
       volume = {498},
       number = {3},
        pages = {837-852},
          doi = {10.1051/0004-6361/200811289},
archivePrefix = {arXiv},
       eprint = {0902.1833},
 primaryClass = {astro-ph.SR},
       adsurl = {https://ui.adsabs.harvard.edu/abs/2009A&A...498..837M},
      adsnote = {Provided by the SAO/NASA Astrophysics Data System}
}

@Article{	  cantiello:07,
  author	= "M. {Cantiello} and {S.-C.} {Yoon} and N. {Langer} and M.
		  {Livio}",
  title		= "{Binary star progenitors of long gamma-ray bursts}",
  journal	= "\aap",
  keywords	= "stars: binaries: general, stars: rotation, stars:
		  evolution, stars: mass-loss, supernovae: general, gamma
		  rays: bursts",
  year		= "2007",
  month		= apr,
  volume	= "465",
  pages		= "L29",
  adsurl	= "http://adsabs.harvard.edu/abs/2007A%26A...465L..29C"
}


@Article{	  ekstrom:12,
  author	= "S. {Ekstr{\"o}m} and C. {Georgy} and P. {Eggenberger} and
		  G. {Meynet} and N. {Mowlavi} and A. {Wyttenbach} and A.
		  {Granada} and T. {Decressin} and R. {Hirschi} and U.
		  {Frischknecht} and C. {Charbonnel} and A. {Maeder}",
  title		= "{Grids of stellar models with rotation. I. Models from 0.8
		  to 120 M$_{&sun;}$ at solar metallicity (Z = 0.014)}",
  journal	= "\aap",
  archiveprefix	= "arXiv",
  eprint	= "1110.5049",
  primaryclass	= "astro-ph.SR",
  keywords	= "stars: general, stars: evolution, stars: massive, stars:
		  low-mass, stars: rotation",
  year		= "2012",
  month		= jan,
  volume	= "537",
  eid		= "A146",
  pages		= "A146",
  doi		= "10.1051/0004-6361/201117751",
  adsurl	= "http://adsabs.harvard.edu/abs/2012A%26A...537A.146E",
  adsnote	= "Provided by the SAO/NASA Astrophysics Data System"
}


@Article{	  meynet:00,
  author	= "G. {Meynet} and A. {Maeder}",
  title		= "{Stellar evolution with rotation. V. Changes in all the
		  outputs of massive star models}",
  journal	= "\aap",
  eprint	= "arXiv:astro-ph/0006404",
  keywords	= "STARS: ROTATION, STARS: EVOLUTION, STARS: ABUNDANCES,
		  STARS: EARLY-TYPE",
  year		= "2000",
  month		= sep,
  volume	= "361",
  pages		= "101",
  adsurl	= "http://adsabs.harvard.edu/abs/2000A%26A...361..101M",
  adsnote	= "Provided by the SAO/NASA Astrophysics Data System"
}


@Article{	  yoon:06,
  author	= "S.-C. {Yoon} and N. {Langer} and C. {Norman}",
  title		= "{Single star progenitors of long gamma-ray bursts. I.
		  Model grids and redshift dependent GRB rate}",
  journal	= "\aap",
  eprint	= "astro-ph/0606637",
  keywords	= "stars: evolution, stars: rotation, supernovae: general,
		  gamma rays: bursts",
  year		= "2006",
  month		= dec,
  volume	= "460",
  pages		= "199--208",
  doi		= "10.1051/0004-6361:20065912",
  adsurl	= "http://adsabs.harvard.edu/abs/2006A%26A...460..199Y",
  adsnote	= "Provided by the SAO/NASA Astrophysics Data System"
}

@Article{	  hoogerwerf:00,
  author	= "R. {Hoogerwerf} and J.~H.~J. {de Bruijne} and P.~T. {de
		  Zeeuw}",
  title		= "{The Origin of Runaway Stars}",
  journal	= "\apjl",
  eprint	= "astro-ph/0007436",
  keywords	= "Astrometry, pulsars: individual (PSR J1932+1059), Stars:
		  Early-Type, stars: individual (AE Aurigae, {$\iota$}
		  Orionis), Stars: Individual: Constellation Name: {$\mu$}
		  Columbae, Stars: Individual: Constellation Name: {$\zeta$}
		  Ophiuchi",
  year		= "2000",
  month		= dec,
  volume	= "544",
  pages		= "L133--L136",
  doi		= "10.1086/317315",
  adsurl	= "http://adsabs.harvard.edu/abs/2000ApJ...544L.133H",
  adsnote	= "Provided by the SAO/NASA Astrophysics Data System"
}

@ARTICLE{murphy:21,
       author = {{Murphy}, Simon J. and {Joyce}, Meridith and {Bedding}, Timothy R. and {White}, Timothy R. and {Kama}, Mihkel},
        title = "{A precise asteroseismic age and metallicity for HD 139614: a pre-main-sequence star with a protoplanetary disc in Upper Centaurus-Lupus}",
      journal = {\mnras},
     keywords = {asteroseismology, protoplanetary discs, stars: chemically peculiar, stars: fundamental parameters, stars: pre-main-sequence, variables:  Scuti, Astrophysics - Solar and Stellar Astrophysics, Astrophysics - Earth and Planetary Astrophysics},
         year = 2021,
        month = apr,
       volume = {502},
       number = {2},
        pages = {1633-1646},
          doi = {10.1093/mnras/stab144},
archivePrefix = {arXiv},
       eprint = {2011.11821},
 primaryClass = {astro-ph.SR},
       adsurl = {https://ui.adsabs.harvard.edu/abs/2021MNRAS.502.1633M},
      adsnote = {Provided by the SAO/NASA Astrophysics Data System}
}


@ARTICLE{perna:14,
       author = {{Perna}, Rosalba and {Duffell}, Paul and {Cantiello}, Matteo and {MacFadyen}, Andrew I.},
        title = "{The Fate of Fallback Matter around Newly Born Compact Objects}",
      journal = {\apj},
     keywords = {accretion, accretion disks, stars: evolution, stars: neutron, supernovae: general, Astrophysics - High Energy Astrophysical Phenomena},
         year = 2014,
        month = feb,
       volume = {781},
       number = {2},
          eid = {119},
        pages = {119},
          doi = {10.1088/0004-637X/781/2/119},
archivePrefix = {arXiv},
       eprint = {1312.4981},
 primaryClass = {astro-ph.HE},
       adsurl = {https://ui.adsabs.harvard.edu/abs/2014ApJ...781..119P},
      adsnote = {Provided by the SAO/NASA Astrophysics Data System}
}

@Article{	  packet:81,
  author	= "W. {Packet}",
  title		= "{On the spin-up of the mass accreting component in a close
		  binary system}",
  journal	= "\aap",
  keywords	= "Binary Stars, Momentum Transfer, Stellar Evolution,
		  Stellar Mass Accretion, Angular Momentum, Angular Velocity,
		  Critical Velocity, Stellar Rotation",
  year		= "1981",
  month		= sep,
  volume	= "102",
  pages		= "17--19",
  adsurl	= "http://adsabs.harvard.edu/abs/1981A%26A...102...17P",
  adsnote	= "Provided by the SAO/NASA Astrophysics Data System"
}

@Article{	  maeder:00,
  author	= "A. {Maeder} and G. {Meynet}",
  title		= "{The Evolution of Rotating Stars}",
  journal	= "\araa",
  eprint	= "arXiv:astro-ph/0004204",
  keywords	= "STELLAR ROTATION, STELLAR EVOLUTION, MASS LOSS, MIXING,
		  CHEMICAL ABUNDANCES",
  year		= "2000",
  volume	= "38",
  pages		= "143",
  doi		= "10.1146/annurev.astro.38.1.143",
  adsurl	= "http://adsabs.harvard.edu/abs/2000ARA%26A..38..143M",
  adsnote	= "Provided by the SAO/NASA Astrophysics Data System"
}

@ARTICLE{walker:79,
       author = {{Walker}, G.~A.~H. and {Yang}, S. and {Fahlman}, G.~G.},
        title = "{Spectral variations in zeta Ophiuchi related to rotation?}",
      journal = {\apj},
     keywords = {Angular Velocity, O Stars, Stellar Rotation, Stellar Spectra, Absorption Spectra, Brightness, Early Stars, Fourier Analysis, Line Spectra, Astrophysics, Early-Type Stars:Rotation, Early-Type Stars:Spectra, Gravity Darkening:O Stars, Line Profiles:O Stars},
         year = 1979,
        month = oct,
       volume = {233},
        pages = {199-204},
          doi = {10.1086/157381},
       adsurl = {https://ui.adsabs.harvard.edu/abs/1979ApJ...233..199W},
      adsnote = {Provided by the SAO/NASA Astrophysics Data System}
}